Symbol,revenue,eps_basic,cash_and_equiv,total_assets,total_liabilities,retained_earnings,total_liabilities_and_equity,cf_cfo,total_assets_growth,equity_to_assets,period_end_date,Average_Stock_Value_After_Result
BDX,944946000,0.38,153544000.0,4763257000,2408493000,3210793000,4763257000.0,155485000,0.0365,0.4943,2001-12,34.869252283065045
BDX,1012971000,0.5,180127000.0,4845470000,2434061000,3314439000,4845470000.0,136648000,0.0435,0.4976,2002-03,35.78033536672592
BDX,998460000,0.46,175981000.0,4923382000,2408637000,3408388000,4923382000.0,240268000,0.0503,0.5107,2002-06,28.817808847578743
BDX,1003982000,0.51,243115000.0,5040460000,2552486000,3514465000,5040460000.0,298920000,0.0495,0.4936,2002-09,29.324041760157023
BDX,1051648000,0.44,226427000.0,5061761000,2489424000,3601415000,5061761000.0,113623000,0.0626,0.5081,2002-12,31.741777973790324
BDX,1134041000,0.56,285471000.0,5247024000,2542103000,3717845000,5247024000.0,179210000,0.0828,0.5155,2003-03,35.878126114133806
BDX,1165369000,0.51,455217000.0,5558189000,2660107000,3821582000,5558189000.0,216133000,0.1289,0.5214,2003-06,36.52528066483755
BDX,1112451000,0.63,519886000.0,5572253000,2675299000,3950592000,5572253000.0,392964000,0.1055,0.5198,2003-09,37.312582409571085
BDX,1185120000,0.5,534640000.0,5608919000,2563904000,4037320000,5608919000.0,213183000,0.108,0.5428,2003-12,45.31093609717585
BDX,1253633000,0.65,660469000.0,5714972000,2554519000,4164089000,5714972000.0,274996000,0.0891,0.553,2004-03,49.117859748102006
BDX,1242714000,0.43,659511000.0,5718494000,2640166000,4235345000,5718494000.0,283839000,0.0288,0.5383,2004-06,47.583740052722746
BDX,1253278000,0.27,719378000.0,5752579000,2684716000,4264778000,5752579000.0,329645000,0.0323,0.5333,2004-09,52.52512577601841
BDX,1288369000,0.78,822037000.0,5973425000,2631213000,4414071000,5973425000.0,262775000,0.0649,0.5595,2004-12,56.25271440321399
BDX,1365530000,0.74,825497000.0,6003464000,2586133000,4557000000,6003464000.0,201989000,0.0504,0.5692,2005-03,55.64344501495361
BDX,1381306000,0.75,918391000.0,6010178000,2716139000,4701467000,6010178000.0,331906000,0.051,0.548,2005-06,52.14169547671364
BDX,1379476000,0.6,1042890000.0,6132793000,2848841000,4805852000,6132793000.0,420125000,0.066,0.5354,2005-09,54.703058636377726
BDX,1393845000,0.88,1168973000.0,6230756000,2825356000,4969430000,6230756000.0,165727000,0.043,0.5465,2005-12,61.61022820011262
BDX,1424209000,0.62,776534000.0,6122778000,2613903000,5071393000,6122778000.0,200557000,0.0198,0.573,2006-03,59.95896257672991
BDX,1457347000,0.84,720995000.0,6211193000,2654720000,5224571000,6211193000.0,295106000,0.0334,0.5725,2006-06,64.46984106396872
BDX,1462616000,0.7,1000289000.0,6824525000,2988321000,5345697000,6824525000.0,415010000,0.1127,0.5621,2006-09,69.86000775534009
BDX,1501526000,0.58,533425000.0,6810541000,2879541000,5427451000,6810541000.0,285559000,0.093,0.5771,2006-12,73.23886433585746
BDX,1575922000,0.99,409655000.0,6951822000,2822334000,5610948000,6951822000.0,236917000,0.1354,0.594,2007-03,75.28641122484964
BDX,1631159000,1.0,444164000.0,7122845000,2894950000,5795744000,7122845000.0,366260000,0.1467,0.5935,2007-06,75.33224947490389
BDX,1651101000,1.06,511482000.0,7329365000,2967408000,5995787000,7329365000.0,351700000,0.0739,0.5951,2007-09,80.66403404114739
BDX,1705767000,1.11,750762000.0,7566534000,3042258000,6191051000,7566534000.0,473158000,0.111,0.5979,2007-12,86.25221890308818
BDX,1746925000,1.13,560999000.0,7801256000,2942080000,6398401000,7801256000.0,212747000,0.1221,0.6228,2008-03,82.355792760849
BDX,1867587000,1.22,735908000.0,8129206000,3055093000,6625931000,8129206000.0,544256000,0.1412,0.6241,2008-06,82.3236550225152
BDX,1754663000,1.15,830477000.0,7912943000,2977375000,6838589000,7912943000.0,456937000,0.0796,0.6237,2008-09,66.43035222613622
BDX,1717919000,1.29,597619000.0,7660693000,2893722000,7068177000,7660693000.0,267865000,0.0124,0.6222,2008-12,66.96018901948005
BDX,1724967000,1.09,542712000.0,7575830000,2771807000,7252772000,7575830000.0,256094000,-0.0288,0.6341,2009-03,64.65226479182168
BDX,1820255000,1.42,1331601000.0,8848987000,3637091000,7514585000,8848987000.0,533967000,0.0885,0.5889,2009-06,67.24351507519918
BDX,1723581000,1.32,1394244000.0,9304624000,4161912000,7752831000,9304624000.0,658889000,0.1758,0.5527,2009-09,70.89461880638486
BDX,1868818000,1.33,1182306000.0,9094276000,3834117000,7978872000,9094276000.0,394520000,0.1871,0.5784,2009-12,75.67883583807176
BDX,1799409000,1.26,830688000.0,8943392000,3793758000,8192151000,8943392000.0,292015000,0.1805,0.5758,2010-03,72.21633765811012
BDX,1830911000,1.32,750106000.0,9031673000,3877796000,8412924000,9031673000.0,507709000,0.0206,0.5706,2010-06,68.72907523503379
BDX,1625247000,1.71,1215989000.0,9650694000,4216114000,8724228000,9650694000.0,550024000,0.0371,0.5631,2010-09,76.79365091475229
BDX,1842005000,1.39,1249355000.0,10071270000,5193337000,8947065000,10071270000.0,466109000,0.1074,0.4843,2010-12,79.13526916503906
BDX,1922023000,1.41,748588000.0,10344223000,5245162000,9168895000,10344223000.0,241559000,0.1566,0.4929,2011-03,83.18389444502573
BDX,1951889000,1.57,1158037000.0,10620819000,5322419000,9422074000,10620819000.0,465635000,0.1759,0.4988,2011-06,78.86116923983136
BDX,1988144000,1.39,1175282000.0,10430428000,5602253000,9633584000,10430428000.0,542697000,0.0807,0.4628,2011-09,71.93310098799448
BDX,1831720000,1.23,2196278000.0,11413363000,6685809000,9799928000,11413363000.0,314558000,0.1332,0.4142,2011-12,75.0505112678774
BDX,1928961000,1.41,1839490000.0,11195392000,6719104000,9998883000,11195392000.0,293092000,0.0822,0.3998,2012-03,73.35640692332434
BDX,1980530000,1.62,1658719000.0,11024864000,6790360000,10233693000,11024864000.0,582874000,0.038,0.384,2012-06,74.41207934182788
BDX,1966789000,1.45,1671000000.0,11361000000,7225000000,10435000000,11361000000.0,571476000,0.0892,0.364,2012-09,75.19232290299212
BDX,1900000000,3.18,1917472000.0,11629437000,7159968000,10963549000,11629437000.0,234000000,0.0189,0.3843,2012-12,84.81583379526607
BDX,2000000000,1.42,2023860000.0,11629923000,7041141000,11142597000,11629923000.0,207000000,0.0388,0.3945,2013-03,95.360671043396
BDX,2053000000,1.55,1962086000.0,11587047000,6870527000,11347943000,11587047000.0,395000000,0.0509,0.407,2013-06,97.89562528095549
BDX,2101000000,0.46,1890000000.0,12149000000,7107000000,11342000000,12149000000.0,883000000,0.0693,0.415,2013-09,103.60665869334387
BDX,2015000000,1.4,1679000000.0,12035000000,6956000000,11507000000,12035000000.0,355000000,0.0348,0.422,2013-12,109.8955158110588
BDX,2072000000,1.48,1731000000.0,12250000000,6935000000,11689000000,12250000000.0,411000000,0.0533,0.4338,2014-03,113.36291140601747
BDX,2157000000,1.69,1661000000.0,12374000000,6996000000,11909000000,12374000000.0,441000000,0.0679,0.4346,2014-06,114.0735576569088
BDX,2202000000,1.56,1861000000.0,12447000000,7394000000,12105000000,12447000000.0,537000000,0.0245,0.4059,2014-09,127.78041064550006
BDX,2051000000,1.22,8540000000.0,18503000000,13434000000,12224000000,18503000000.0,286000000,0.5374,0.2739,2014-12,139.93186483075542
BDX,2051000000,1.1,1912000000.0,28293000000,21134000000,12324000000,28293000000.0,227000000,1.3096,0.253,2015-03,138.10716223338292
BDX,3120000000,0.3,1559000000.0,27079000000,19826000000,12260000000,27079000000.0,539000000,1.1883,0.2678,2015-06,139.81633710104322
BDX,3060000000,0.86,1424000000.0,26478000000,19313000000,12314000000,26478000000.0,677000000,1.1272,0.2706,2015-09,143.8449869307261
BDX,2986000000,1.08,1583000000.0,26046000000,18823000000,12402000000,26046000000.0,463000000,0.4076,0.2773,2015-12,141.91427462218238
BDX,3067000000,1.59,1696000000.0,26236000000,18570000000,12600000000,26236000000.0,556000000,-0.0727,0.2921,2016-03,159.6239333152771
BDX,3198000000,1.83,1686000000.0,26016000000,17983000000,12850000000,26016000000.0,836000000,-0.0392,0.3087,2016-06,170.93488178555927
BDX,3231000000,0.09,1541000000.0,25586000000,17952000000,12727000000,25586000000.0,704000000,-0.0336,0.2983,2016-09,165.97924877348402
BDX,2922000000,2.64,919000000.0,24318000000,16735000000,13133000000,24318000000.0,316000000,-0.0663,0.3118,2016-12,174.31298065185547
BDX,2969000000,1.61,548000000.0,24121000000,16157000000,13321000000,24121000000.0,723000000,-0.0806,0.3301,2017-03,182.46349249945743
BDX,3035000000,-0.75,13852000000.0,37166000000,24580000000,12989000000,37166000000.0,385000000,0.4285,0.3386,2017-06,193.8790552048456
BDX,3166000000,1.27,14179000000.0,37734000000,24786000000,13111000000,37734000000.0,1126000000,0.4747,0.3431,2017-09,209.4301193479508
BDX,3080000000,-0.76,1124000000.0,55363000000,34116000000,12765000000,55363000000.0,321000000,1.2766,0.3837,2017-12,218.98296743924504
BDX,4222000000,-0.19,1251000000.0,54573000000,33421000000,12616000000,54573000000.0,696000000,1.2624,0.3875,2018-03,222.58628058433533
BDX,4278000000,2.08,1384000000.0,53977000000,32619000000,12971000000,53977000000.0,542000000,0.4523,0.3956,2018-06,246.3340301513672
BDX,4402000000,-0.64,1140000000.0,53904000000,32910000000,12596000000,53904000000.0,1306000000,0.4285,0.3894,2018-09,232.30322610178305
BDX,4160000000,2.09,943000000.0,52932000000,31529000000,13018000000,52932000000.0,246000000,-0.0439,0.4043,2018-12,236.123052781628
BDX,4195000000,-0.07,686000000.0,52598000000,31288000000,12792000000,52598000000.0,780000000,-0.0361,0.4051,2019-03,232.3337198893229
BDX,4350000000,1.53,523000000.0,52233000000,30735000000,12997000000,52233000000.0,933000000,-0.0323,0.4115,2019-06,246.8572988358755
BDX,4584000000,0.41,536000000.0,51765000000,30683000000,12913000000,51765000000.0,1371000000,-0.0396,0.4072,2019-09,249.0531933496869
BDX,4225000000,0.88,560000000.0,51952000000,30751000000,12938000000,51952000000.0,713000000,-0.0185,0.408,2019-12,247.58568154611896
BDX,4253000000,0.53,2351000000.0,53516000000,32565000000,12868000000,53516000000.0,483000000,0.0174,0.3914,2020-03,240.86984083387583
BDX,3855000000,0.98,2882000000.0,53959000000,29937000000,12916000000,53959000000.0,862000000,0.033,0.4451,2020-06,246.020750499907
BDX,3741000000,0.36,2825000000.0,54012000000,30247000000,12791000000,54012000000.0,1481000000,0.0434,0.4399,2020-09,233.01107255239336
BDX,5315000000,3.38,3248000000.0,54748000000,30085000000,13522000000,54748000000.0,1533000000,0.0538,0.4504,2020-12,244.3169169272145
BDX,4907000000,0.95,3734000000.0,54921000000,30094000000,13557000000,54921000000.0,1188000000,0.0262,0.452,2021-03,239.7155253092448
BDX,4607000000,1.73,3153000000.0,54333000000,30197000000,13821000000,54333000000.0,975000000,0.0069,0.4442,2021-06,245.35656253875248
BDX,4849000000,0.85,2283000000.0,53880000000,30203000000,13826000000,53880000000.0,952000000,-0.0024,0.4394,2021-09,239.49515981522816
BDX,4718000000,2.3,1903000000.0,53363000000,29202000000,14233000000,53363000000.0,674000000,-0.0252,0.4527,2021-12,257.29446580674914
BDX,4750000000,1.51,3147000000.0,54786000000,30260000000,14416000000,54786000000.0,444000000,-0.0024,0.4476,2022-03,254.1211653678648
BDX,4641000000,1.18,2558000000.0,53199000000,27705000000,15088000000,53199000000.0,544000000,-0.0208,0.4792,2022-06,249.27269902305
BDX,4761000000,0.93,1006000000.0,52934000000,27652000000,15157000000,52934000000.0,972000000,-0.0175,0.4776,2022-09,236.0522221156529
BDX,4586000000,1.71,612000000.0,53129000000,27656000000,15384000000,53129000000.0,400000000,-0.0043,0.4794,2022-12,244.67193554293723
BDX,4821000000,1.54,1981000000.0,54394000000,28703000000,15563000000,54394000000.0,184000000,-0.0071,0.4723,2023-03,253.70483742990805
BDX,4878000000,1.37,923000000.0,53017000000,27079000000,15691000000,53017000000.0,1080000000,-0.0034,0.4892,2023-06,270.11873130192834
BDX,5087000000,0.37,1416000000.0,52780000000,26983000000,15535000000,52780000000.0,1325000000,-0.0029,0.4887,2023-09,246.47698417542472
ES,1284461000,0.14,106810000.0,10149557000,7894512000,680934000,10149557000.0,220982000,-0.0974,0.2221,2002-03,19.602968722581863
ES,1673193000,0.22,94023000.0,10314659000,8054740000,678593000,10314659000.0,126245000,0.0151,0.219,2002-06,16.843809581938245
ES,1361045000,0.38,70726000.0,10316201000,8010750000,727204000,10316201000.0,119871000,0.0022,0.2234,2002-09,14.643809530470106
ES,1466908000,0.44,54678000.0,10764880000,8438159000,765611000,10764880000.0,122651000,0.0419,0.2161,2002-12,14.253548329876317
ES,1584183000,0.47,98959000.0,10273203000,7927439000,808352000,10273203000.0,125746000,0.0121,0.2283,2003-03,15.384603212750148
ES,1330038000,0.21,57028000.0,10419716000,8089022000,798796000,10419716000.0,85911000,0.0101,0.2236,2003-06,17.103650895376052
ES,1640117000,0.31,118138000.0,10598368000,8227876000,837963000,10598368000.0,249097000,0.0273,0.2236,2003-09,19.197301773797896
ES,1514818000,-0.08,43372000.0,11216487000,8836167000,808932000,11216487000.0,132660000,0.0419,0.2122,2003-12,19.206451723652503
ES,1838287000,0.53,76050000.0,11538750000,9089194000,857197000,11538750000.0,327297000,0.1231,0.2122,2004-03,18.55403226421725
ES,1524666000,0.19,75265000.0,11513789000,9074131000,840082000,11513789000.0,166635000,0.105,0.2118,2004-06,19.013174723065088
ES,1624487000,-0.06,97852000.0,11541452000,9106343000,879153000,11541452000.0,-65354000,0.0889,0.2109,2004-09,18.83730158730159
ES,1633201000,0.26,46989000.0,11656179000,9243268000,845343000,11656179000.0,88489000,0.0392,0.207,2004-12,18.66629049854894
ES,2232964000,-0.91,74021000.0,12078986000,9791409000,706619000,12078986000.0,189107000,0.0468,0.1893,2005-03,19.52984380722046
ES,1531613000,-0.21,55483000.0,11950556000,9731987000,635221000,11950556000.0,87821000,0.0379,0.1856,2005-06,20.45952388218471
ES,1754942000,-0.73,86194000.0,12929392000,10781668000,540642000,12929392000.0,75828000,0.1202,0.1661,2005-09,18.77365075974237
ES,1826707000,-0.08,45782000.0,12567875000,10022431000,504301000,12567875000.0,88448000,0.0782,0.2025,2005-12,19.73580643438524
ES,2147388000,-0.07,36268000.0,12134576000,9640247000,466954000,12134576000.0,42726000,0.0046,0.2055,2006-03,20.017460353790767
ES,1661061000,0.14,48744000.0,11458952000,8988888000,433273000,11458952000.0,170421000,-0.0411,0.2155,2006-06,22.404444376627605
ES,1592784000,0.72,50455000.0,11492539000,8903139000,544700000,11492539000.0,167119000,-0.1111,0.2253,2006-09,26.22809522114103
ES,1476454000,2.26,481911000.0,11303236000,8388857000,862660000,11303236000.0,26808000,-0.1006,0.2578,2006-12,29.13606552999528
ES,1703518000,0.49,214730000.0,11036088000,8102646000,876214000,11036088000.0,-266611000,-0.0905,0.2658,2007-03,31.160476230439684
ES,1392053000,0.31,138823000.0,11125750000,8186448000,864598000,11125750000.0,229111000,-0.029,0.2641,2007-06,28.07857150123233
ES,1451080000,0.32,207653000.0,11338984000,8348761000,914622000,11338984000.0,105651000,-0.0133,0.2637,2007-09,30.66444442385719
ES,1274800000,0.47,15104000.0,11581822000,8551787000,946792000,11581822000.0,180284000,0.0246,0.2616,2007-12,27.296721255192992
ES,1519967000,0.38,24974000.0,12343778000,9300802000,973971000,12343778000.0,97726000,0.1184,0.2465,2008-03,26.360312521457672
ES,1325345000,0.37,12128000.0,12709252000,9653596000,967329000,12709252000.0,184078000,0.1423,0.2404,2008-06,25.96492064945281
ES,1506897000,0.47,82818000.0,12663733000,9531552000,1039984000,12663733000.0,144471000,0.1168,0.2473,2008-09,22.282222112019856
ES,1447886000,0.46,89816000.0,13988480000,10851968000,1078594000,13988480000.0,228702000,0.2077,0.2242,2008-12,22.69919349301246
ES,1593483000,0.6,416828000.0,14273586000,10701314000,1138969000,14273586000.0,139953000,0.1563,0.2502,2009-03,21.20317462133983
ES,1224431000,0.47,481148000.0,14127648000,10509605000,1180706000,14127648000.0,368384000,0.1116,0.256,2009-06,23.29698408217657
ES,1306173000,0.37,248977000.0,14006334000,10356716000,1203603000,14006334000.0,252793000,0.106,0.2605,2009-09,24.13222225128658
ES,1315343000,0.48,26952000.0,14057679000,10479777000,1246543000,14057679000.0,227988000,0.0049,0.2545,2009-12,26.200967696405225
ES,1339420000,0.49,30012000.0,14105446000,10364048000,1287271000,14105446000.0,225703000,-0.0117,0.2652,2010-03,26.70444443112328
ES,1111426000,0.41,88775000.0,14229723000,10569674000,1313848000,14229723000.0,308076000,0.0072,0.2572,2010-06,28.51523805043054
ES,1243337000,0.57,41179000.0,14297588000,10573490000,1368956000,14297588000.0,309868000,0.0207,0.2604,2010-09,31.265873167249893
ES,1203985000,0.73,23395000.0,14472601000,10659968000,1452777000,14472601000.0,249816000,0.0295,0.2634,2010-12,33.335714249383834
ES,1235251000,0.64,15359000.0,14418532000,10415500000,1518099000,14418532000.0,372766000,0.0221,0.2776,2011-03,34.89111098032149
ES,1047481000,0.44,15107000.0,14442346000,10525393000,1546493000,14442346000.0,313929000,0.0149,0.2712,2011-06,33.96634910220192
ES,1114892000,0.51,16721000.0,14728717000,10770067000,1587528000,14728717000.0,201752000,0.0301,0.2687,2011-09,34.019047721983895
ES,1068076000,0.63,6559000.0,15647066000,11515240000,1651875000,15647066000.0,81939000,0.0811,0.264,2011-12,35.63596774685767
ES,1099623000,0.56,283379000.0,15978354000,11906694000,1698553000,15978354000.0,8816000,0.1081,0.2548,2012-03,36.73269822862413
ES,1628684000,0.15,28483000.0,27506300000,18438661000,1635709000,27506300000.0,311587000,0.9045,0.3296,2012-06,38.705714089529856
ES,1861529000,0.66,73449000.0,27757562000,18580696000,1735690000,27757562000.0,475602000,0.8845,0.3306,2012-09,38.85278676767818
ES,1683965000,0.55,45748000.0,28302824000,18910206000,1802714000,28302824000.0,365224000,0.8088,0.3318,2012-12,41.02508194720159
ES,1995023000,0.72,60817000.0,28328661000,18827862000,1914371000,28328661000.0,473143000,0.7729,0.3353,2013-03,43.24015647172928
ES,1635900000,0.54,36055000.0,28196892000,18634712000,1969755000,28196892000.0,295881000,0.0251,0.3391,2013-06,42.31904753427657
ES,1892590000,0.66,57941000.0,28444318000,18771297000,2064401000,28444318000.0,407944000,0.0247,0.34,2013-09,41.976190355088974
ES,1777725000,0.56,43364000.0,27795537000,18028441000,2125980000,27795537000.0,486571000,-0.0179,0.3513,2013-12,43.63467739474389
ES,2290590000,0.75,89150000.0,28096870000,18217369000,2237710000,28096870000.0,493796000,-0.0081,0.3516,2014-03,45.82206350659568
ES,1677600000,0.4,34096000.0,27790445000,17881070000,2241025000,27790445000.0,402867000,-0.0144,0.3565,2014-06,44.98873023381309
ES,1892500000,0.74,41706000.0,27982311000,17936191000,2351421000,27982311000.0,507354000,-0.0162,0.359,2014-09,49.80380945357065
ES,1881200000,0.69,38703000.0,29740387000,19608004000,2448661000,29740387000.0,247959000,0.0699,0.3406,2014-12,52.63725816049883
ES,2513400000,0.8,71027000.0,29951765000,19685792000,2569482000,29951765000.0,491541000,0.066,0.3427,2015-03,48.56460304865762
ES,1817100000,0.65,36469000.0,29879939000,19539318000,2644485000,29879939000.0,373741000,0.0751,0.346,2015-06,48.13857148185609
ES,1933100000,0.74,35781000.0,30046026000,19596028000,2747977000,30046026000.0,486035000,0.0737,0.3477,2015-09,50.87333340115018
ES,1691200000,0.57,23947000.0,30580309000,20072526000,2797355000,30580309000.0,-651265000,0.0282,0.3436,2015-12,54.438196651271134
ES,2055600000,0.77,50966000.0,30712475000,20118408000,2900351000,30712475000.0,499964000,0.0253,0.3449,2016-03,56.529218792915344
ES,1767200000,0.64,38726000.0,30882663000,20217687000,2962843000,30882663000.0,478474000,0.0335,0.3453,2016-06,56.48015891181098
ES,2039700000,0.83,40056000.0,31082337000,20289385000,3087006000,31082337000.0,671930000,0.0344,0.3472,2016-09,53.44063501509409
ES,1776600000,0.72,30251000.0,32053173000,21185871000,3175171000,32053173000.0,557874000,0.0481,0.339,2016-12,56.85258059347829
ES,2105135000,0.82,45763000.0,32355176000,21395412000,3284108000,32355176000.0,445349000,0.0534,0.3387,2017-03,60.6984128195142
ES,1762811000,0.72,24638000.0,32658840000,21617749000,3364336000,32658840000.0,-229817000,0.0575,0.338,2017-06,61.69015884399414
ES,1988512000,0.82,125761000.0,33163620000,22010015000,3474185000,33163620000.0,1260315000,0.0669,0.3363,2017-09,63.222539750356525
ES,1895494000,0.75,38165000.0,36220386000,24978574000,3561084000,36220386000.0,520355000,0.13,0.3103,2017-12,59.16622943565493
ES,2288000000,0.85,303810000.0,37039983000,25700699000,3670603000,37039983000.0,177714000,0.1447,0.3061,2018-03,57.55921870470047
ES,1853900000,0.76,64154000.0,37244344000,25815551000,3753343000,37244344000.0,520421000,0.1404,0.3068,2018-06,61.19079371861049
ES,2271400000,0.91,59092000.0,37515669000,25951321000,3882695000,37515669000.0,709527000,0.1312,0.3082,2018-09,65.16064471583212
ES,2035001000,0.73,108068000.0,38241256000,26598869000,3953974000,38241256000.0,422881000,0.0557,0.3044,2018-12,68.80274175828502
ES,2415800000,0.97,35145000.0,38941007000,27148003000,4092895000,38941007000.0,381435000,0.0513,0.3028,2019-03,73.17142837766617
ES,1884500000,0.1,20578000.0,38995906000,26885743000,3954492000,38995906000.0,543152000,0.047,0.3105,2019-06,79.38380964975508
ES,2175800000,0.98,22688000.0,39725394000,27448210000,4100220000,39725394000.0,570263000,0.0589,0.309,2019-09,83.12333340115018
ES,2050370000,0.77,15432000.0,41123915000,28338351000,4177048000,41123915000.0,514727000,0.0753,0.3109,2019-12,87.84064563628166
ES,2373700000,1.01,47425000.0,41648986000,28283460000,4322825000,41648986000.0,420306000,0.0695,0.3209,2020-03,82.72999948168558
ES,1953100000,0.75,64890000.0,42038718000,28077890000,4384093000,42038718000.0,585069000,0.078,0.332,2020-06,85.64063493032305
ES,2343642000,1.01,729993000.0,43507345000,29371758000,4535860000,43507345000.0,490834000,0.0952,0.3249,2020-09,89.08777763730004
ES,2233933000,0.79,106599000.0,46099598000,31880462000,4613201000,46099598000.0,186363000,0.1209,0.3084,2020-12,84.90387147472751
ES,2825840000,1.07,34112000.0,46518215000,32129225000,4772431000,46518215000.0,411416000,0.1169,0.3093,2021-03,84.30142829531715
ES,2122500000,0.77,217397000.0,47234640000,32767181000,4830058000,47234640000.0,396029000,0.1235,0.3062,2021-06,86.9098411438957
ES,2432794000,0.82,88204000.0,48014055000,33446874000,4906151000,48014055000.0,712828000,0.1035,0.3033,2021-09,85.9385718693809
ES,2481913000,0.89,66773000.0,48492144000,33736730000,5005391000,48492144000.0,442327000,0.0518,0.3042,2021-12,85.61111123221261
ES,3471310000,1.28,46175000.0,49289152000,34296892000,5229069000,49289152000.0,371940000,0.0595,0.3041,2022-03,88.90451603551065
ES,2572600000,0.84,29540000.0,49916240000,34703455000,5301054000,49916240000.0,469879000,0.0567,0.3047,2022-06,88.2942857288179
ES,3215600000,1.01,485716000.0,51599425000,36164682000,5429076000,51599425000.0,847085000,0.0746,0.2991,2022-09,79.3111110868908
ES,3029736000,0.92,374603000.0,53230900000,37602172000,5527153000,53230900000.0,712389000,0.0977,0.2936,2022-12,78.99483871459961
ES,3795643000,1.41,35975000.0,54105167000,38200226000,5782958000,54105167000.0,69157000,0.0977,0.2939,2023-03,74.58725836969191
ES,2629300000,0.04,42182000.0,54539745000,38830077000,5562889000,54539745000.0,578120000,0.0926,0.288,2023-06,66.67047615656777
ES,2791500000,0.97,78813000.0,56293343000,40451832000,5666861000,56293343000.0,521876000,0.0909,0.2814,2023-09,57.650634705074246
HR,40385000,0.45,9454000.0,1556419000,550105000,394909000,1556419000.0,27903000,-0.0207,0.6465,2002-03,30.370312452316284
HR,42770000,0.51,1070000.0,1532431000,529277000,-76100000,1532431000.0,28276000,-0.0533,0.6546,2002-06,30.78095236278716
HR,41531000,0.45,2743000.0,1491170000,568038000,-82452000,1491170000.0,35969000,-0.0501,0.619,2002-09,30.267460262964644
HR,11967000,0.0,402000.0,1489546000,581347000,-100435000,1489546000.0,13862000,-0.0423,0.6097,2002-12,27.881935396502094
HR,39194000,0.45,9063000.0,1483987000,581689000,0,1483987000.0,33891000,-0.0465,0.608,2003-03,28.27222218589177
HR,39787000,0.43,4267000.0,1481879000,586655000,-115699000,1481879000.0,22447000,-0.0329,0.6041,2003-06,31.79380958799332
HR,39506000,0.42,2014000.0,1522776000,611660000,-124316000,1522776000.0,29482000,0.0211,0.5983,2003-09,34.42746014065213
HR,30953000,0.16,4917000.0,1501802000,625672000,-162678000,1501802000.0,12783000,0.0082,0.5833,2003-12,39.5541937428136
HR,39835000,0.36,59125000.0,1647813000,752998000,-143503000,1647813000.0,17170000,0.1103,0.543,2004-03,36.59145146031533
HR,44127000,0.34,3126000.0,1691697000,807220000,-155215000,1691697000.0,37471000,0.1415,0.5228,2004-06,37.5477778116862
HR,48049000,0.33,4026000.0,1807296000,776984000,-171785000,1807296000.0,48084000,0.1868,0.57,2004-09,40.52492087227957
HR,45697000,0.24,2683000.0,1750810000,770194000,-222845000,1750810000.0,23513000,0.1658,0.56,2004-12,36.94290321103989
HR,48136000,0.45,6448000.0,1744241000,772402000,-233120000,1744241000.0,36292000,0.0585,0.5571,2005-03,38.29468762874603
HR,48431000,0.25,1634000.0,1729913000,776643000,-252830000,1729913000.0,15177000,0.0225,0.551,2005-06,39.28095257471478
HR,53500000,0.19,5386000.0,1740920000,809517000,-275686000,1740920000.0,40549000,-0.0367,0.535,2005-09,36.16777789403522
HR,8695000,0.25,7037000.0,1747652000,835184000,-295519000,1747652000.0,9587000,-0.0018,0.5221,2005-12,36.08967750303207
HR,38942000,0.27,2372000.0,1724568000,829689000,-314557000,1724568000.0,35361000,-0.0112,0.5189,2006-03,34.31476172189864
HR,42259000,0.25,4079000.0,1762233000,886927000,-334610000,1762233000.0,15681000,0.0186,0.4967,2006-06,34.9504760863289
HR,40402000,0.17,3747000.0,1737153000,884308000,-358111000,1737153000.0,40679000,-0.0021,0.4909,2006-09,39.736190432593936
HR,39601000,0.16,1950000.0,1736603000,910931000,-382005000,1736603000.0,17367000,-0.0063,0.4754,2006-12,39.751803226158266
HR,39517000,0.78,3833000.0,1657856000,1052838000,-604390000,1657856000.0,28479000,-0.0386,0.3649,2007-03,32.55746033078148
HR,39354000,0.29,642000.0,1445055000,855554000,-622340000,1445055000.0,13912000,-0.1799,0.4079,2007-06,25.389841261364165
HR,38908000,0.12,16120000.0,1500782000,854636000,-635311000,1500782000.0,21562000,-0.136,0.4305,2007-09,25.35634918818398
HR,42283000,0.07,8519000.0,1495492000,863497000,-650237000,1495492000.0,26967000,-0.1388,0.4226,2007-12,24.72016384562508
HR,41460000,0.14,11068000.0,1493361000,872901000,-662971000,1493361000.0,31758000,-0.0992,0.4154,2008-03,27.091406226158146
HR,42241000,0.28,4882000.0,1490100000,874124000,-669738000,1490100000.0,10968000,0.0311,0.4133,2008-06,27.68476195562453
HR,43996000,0.11,5156000.0,1578529000,779194000,-682753000,1578529000.0,35336000,0.0518,0.5063,2008-09,22.10333336724176
HR,46624000,0.28,4138000.0,1864780000,1068533000,-1426720000,1864780000.0,27189000,0.2469,0.4269,2008-12,16.265806367320398
HR,52237000,0.36,12376000.0,1847468000,1051213000,-691810000,1847468000.0,27528000,0.2371,0.4309,2009-03,16.30968257359096
HR,54461000,0.29,4707000.0,1844585000,1053231000,-697907000,1844585000.0,18266000,0.2378,0.429,2009-06,20.055714198521205
HR,53086000,0.16,5088000.0,1879561000,1099753000,-711655000,1879561000.0,36587000,0.1907,0.4148,2009-09,21.389047592405287
HR,47078000,0.08,5851000.0,1935764000,1145616000,-730140000,1935764000.0,20833000,0.038,0.4081,2009-12,21.76774197240029
HR,47123000,0.08,11045000.0,1932702000,1140011000,-1536522000,1932702000.0,28337000,0.0461,0.4101,2010-03,23.08920633225214
HR,49541000,0.11,4455000.0,1930449000,1105423000,-1555475000,1930449000.0,21204000,0.0465,0.4273,2010-06,23.265555548289463
HR,48651000,-0.05,11177000.0,2069863000,1246854000,-1574586000,2069863000.0,19434000,0.1012,0.3976,2010-09,22.25650802491204
HR,41533000,0.0,113321000.0,2357309000,1514569000,-797761000,2357309000.0,18781000,0.2177,0.3575,2010-12,21.81841253855872
HR,49953000,-0.09,3007000.0,2296712000,1394265000,-823795000,2296712000.0,9674000,0.1883,0.3929,2011-03,21.86190474979461
HR,54580000,0.03,17776000.0,2386181000,1369353000,-844109000,2386181000.0,36821000,0.236,0.4261,2011-06,18.068888936723983
HR,56112000,0.01,4054000.0,2487573000,1464995000,-866810000,2487573000.0,20751000,0.2018,0.411,2011-09,17.742063522338867
HR,120430000,0.04,4738000.0,2521022000,1516216000,-890577000,2521022000.0,40606000,0.0694,0.3985,2011-12,20.63499989048127
HR,76165000,0.04,6610000.0,2503654000,1517927000,-907498000,2503654000.0,10937000,0.0901,0.3937,2012-03,21.927460231478253
HR,77593000,0.04,3103000.0,2472324000,1506129000,-927988000,2472324000.0,41860000,0.0361,0.3908,2012-06,24.18936502365839
HR,76937000,0.08,8781000.0,2470776000,1319709000,-945574000,2470776000.0,19730000,-0.0067,0.4658,2012-09,23.514590153928665
HR,70511000,-0.08,6776000.0,2539972000,1419028000,-978136000,2539972000.0,43870000,0.0075,0.4413,2012-12,26.043278647250816
HR,80273000,-0.01,94171000.0,2655250000,1518634000,-1005881000,2655250000.0,3133000,0.0605,0.428,2013-03,27.940156310796738
HR,81818000,-0.27,1152000.0,2597390000,1419222000,-1057401000,2597390000.0,40422000,0.0505,0.4535,2013-06,24.338730070326065
HR,83666000,0.21,7160000.0,2644863000,1386534000,-1066390000,2644863000.0,28384000,0.0704,0.4757,2013-09,22.677936493404328
HR,86023000,0.14,8671000.0,2729662000,1484376000,-1082761000,2729662000.0,48858000,0.0746,0.4562,2013-12,22.92467729506954
HR,90571000,0.04,10169000.0,2721124000,1499330000,-1107711000,2721124000.0,8293000,0.0248,0.449,2014-03,24.9246032654293
HR,91671000,0.06,17523000.0,2750110000,1530760000,-1130598000,2750110000.0,42919000,0.0587,0.4433,2014-06,24.784285772414435
HR,93613000,0.04,1684000.0,2741324000,1521817000,-1155870000,2741324000.0,26438000,0.0364,0.4448,2014-09,26.026190500410777
HR,94999000,0.18,3519000.0,2757510000,1536456000,-1167245000,2757510000.0,47720000,0.0102,0.4428,2014-12,28.479516090885287
HR,96456000,0.05,10417000.0,2788455000,1559270000,-1191695000,2788455000.0,17104000,0.0247,0.4408,2015-03,25.10809519934276
HR,96708000,0.18,8431000.0,2740572000,1512143000,-1203901000,2740572000.0,50688000,-0.0034,0.4482,2015-06,23.793650823926168
HR,96725000,0.28,8497000.0,2741686000,1512988000,-1206545000,2741686000.0,45518000,0.0001,0.4481,2015-09,26.660476290990434
HR,98582000,0.19,4102000.0,2816726000,1573979000,-1218075000,2816726000.0,40673000,0.0214,0.4412,2015-12,29.031967194353943
HR,100021000,0.09,2174000.0,2841615000,1548616000,-1239646000,2841615000.0,23587000,0.019,0.455,2016-03,31.65312507748604
HR,102642000,0.12,9026000.0,2882064000,1531616000,-1259014000,2882064000.0,35892000,0.0516,0.4685,2016-06,35.13095225985088
HR,103659000,0.1,12649000.0,2991721000,1357127000,-1281939000,2991721000.0,42941000,0.0911,0.5463,2016-09,30.47920644850958
HR,105633000,0.48,5409000.0,3040647000,1387233000,-1264263000,3040647000.0,48852000,0.0794,0.5437,2016-12,30.94193538542717
HR,104644000,0.28,1478000.0,3039236000,1385945000,-1267355000,3039236000.0,29372000,0.0695,0.5439,2017-03,33.62952395847866
HR,105318000,0.22,2033000.0,2958498000,1312221000,-1277091000,2958498000.0,54599000,0.0265,0.5564,2017-06,33.04888894822862
HR,107025000,0.02,196981000.0,3145704000,1281442000,-1308880000,3145704000.0,45394000,0.0514,0.5926,2017-09,32.46380966428726
HR,107750000,-0.32,6215000.0,3193585000,1403702000,-1383498000,3193585000.0,50401000,0.0502,0.5604,2017-12,28.562295038192
HR,112124000,0.07,3796000.0,3183420000,1418872000,-1411874000,3183420000.0,40820000,0.0474,0.5542,2018-03,27.49578109383583
HR,111634000,0.3,7414000.0,3214690000,1446634000,-1411715000,3214690000.0,56408000,0.0865,0.5499,2018-06,29.8528570750403
HR,113462000,0.05,10027000.0,3201083000,1460831000,-1442736000,3201083000.0,53452000,0.0176,0.5436,2018-09,29.02112908517161
HR,113169000,0.13,8381000.0,3191247000,1474605000,-1463993000,3191247000.0,57675000,-0.0007,0.5379,2018-12,31.330806455304547
HR,112657000,0.04,11313000.0,3362523000,1556744000,-1496716000,3362523000.0,34804000,0.0562,0.537,2019-03,31.688095183599565
HR,116317000,0.03,7617000.0,3428547000,1659103000,-1531003000,3428547000.0,55876000,0.0665,0.516,2019-06,32.74158723013742
HR,119799000,0.02,11809000.0,3491158000,1685997000,-1567255000,3491158000.0,67793000,0.0906,0.517,2019-09,33.16253970918201
HR,121524000,0.2,657000.0,3563855000,1663846000,-1580166000,3563855000.0,54665000,0.1167,0.5331,2019-12,34.03774181489022
HR,124807000,0.03,103370000.0,3747649000,1888221000,-1616267000,3747649000.0,38444000,0.1145,0.4961,2020-03,29.90952385796441
HR,123690000,0.56,43680000.0,3731953000,1802592000,-1581264000,3731953000.0,66795000,0.0884,0.5169,2020-06,28.75555556161063
HR,125252000,0.06,121992000.0,3711451000,1811076000,-1613849000,3711451000.0,306325000,0.0631,0.512,2020-09,30.06476196410164
HR,125880000,-0.13,15303000.0,3812260000,1863884000,-1670528000,3812260000.0,58525000,0.0697,0.511,2020-12,30.07419349301246
HR,130339000,0.17,12087000.0,3854105000,1855996000,-1689288000,3854105000.0,42496000,0.0284,0.5184,2021-03,31.14460303291441
HR,131423000,0.16,18739000.0,3964679000,1868425000,-1710213000,3964679000.0,63133000,0.0623,0.5287,2021-06,30.65412699987018
HR,136632000,-0.02,16000000.0,4069199000,1953866000,-1756301000,4069199000.0,64626000,0.0963,0.5198,2021-09,32.06571424575079
HR,136424000,0.14,13175000.0,4258919000,2073803000,-1779325000,4258919000.0,62374000,0.1171,0.513,2021-12,29.510952389429487
HR,142894000,0.28,22694000.0,4410485000,2197603000,-1783958000,4410485000.0,43771000,0.1443,0.5017,2022-03,27.946774052035423
HR,145327000,0.04,34312000.0,4548877000,2371010000,-1824925000,4548877000.0,70350000,0.1473,0.4787,2022-06,24.783809571039107
HR,306354000,0.08,57583000.0,14195443000,6356417000,-1868673000,14195443000.0,12538000,2.4885,0.5522,2022-09,19.642698439340744
HR,338062000,-0.09,60961000.0,13849631000,6169813000,-2022507000,13849631000.0,146088000,2.2519,0.5545,2022-12,20.14967752272083
HR,332925000,-0.23,49941000.0,13568884000,6102045000,-2227820000,13568884000.0,69190000,2.0765,0.5502,2023-03,19.31838700079149
HR,338143000,-0.22,35904000.0,13394347000,6108443000,-2428770000,13394347000.0,185132000,1.9445,0.5439,2023-06,17.74682547554137
HR,342260000,-0.18,24668000.0,13103728000,5994945000,-2614817000,13103728000.0,118182000,-0.0769,0.5425,2023-09,15.270634923662458
K,2061800000,0.37,261000000.0,10311300000,9369000000,1614400000,10311300000.0,287500000,-0.0423,0.0913,2002-03,33.4887031018734
K,2125100000,0.42,196300000.0,10247800000,9182500000,1684900000,10247800000.0,276200000,-0.0276,0.1039,2002-06,31.177136890471928
K,2136500000,0.5,461200000.0,10449500000,9355300000,1784600000,10449500000.0,506800000,-0.013,0.1047,2002-09,31.81220635913668
K,1980700000,0.47,100600000.0,10219300000,9324200000,1873000000,10219300000.0,-70600000,-0.0143,0.0875,2002-12,29.64440407291536
K,2147500000,0.4,136800000.0,10258000000,9349000000,1934000000,10258000000.0,188300000,-0.0051,0.0886,2003-03,31.229301785665847
K,2247400000,0.5,160700000.0,10263100000,9180800000,2035200000,10263100000.0,272100000,0.0014,0.1054,2003-06,31.76108511667403
K,2281600000,0.57,341900000.0,10388600000,9170900000,2163300000,10388600000.0,522600000,-0.0058,0.1172,2003-09,32.99962755233523
K,2135000000,0.46,141200000.0,10142700000,8699500000,2247700000,10142700000.0,188000000,-0.0074,0.1422,2003-12,36.12009688346617
K,2390500000,0.54,196100000.0,10304900000,8732900000,2363400000,10304900000.0,253600000,0.0045,0.1525,2004-03,39.221111605244296
K,2387300000,0.58,211300000.0,10294800000,8560600000,2467300000,10294800000.0,235900000,0.003,0.1684,2004-06,39.01930115714906
K,2445300000,0.6,423000000.0,10469200000,8597900000,2622000000,10469200000.0,539600000,0.0077,0.1787,2004-09,40.99813697451637
K,2390800000,0.45,417400000.0,10561900000,8304700000,2701300000,10561900000.0,199900000,0.0413,0.2137,2004-12,41.37891880158456
K,2572300000,0.62,265300000.0,10485500000,8194900000,2846200000,10485500000.0,210000000,0.0175,0.2184,2005-03,41.9413143992424
K,2587200000,0.63,303200000.0,10534800000,8057400000,3026700000,10534800000.0,377400000,0.0233,0.2351,2005-06,42.281242915562224
K,2623400000,0.66,463500000.0,10706900000,8046700000,3186100000,10706900000.0,547300000,0.0227,0.2484,2005-09,42.1016470893981
K,2394100000,0.47,219000000.0,10575000000,8291000000,3266000000,10575000000.0,8300000,0.0012,0.2159,2005-12,41.48462818514916
K,2727000000,0.69,260600000.0,10787800000,8865100000,3431300000,10787800000.0,164000000,0.0288,0.1782,2006-03,43.20858480059911
K,2773000000,0.68,315100000.0,10895100000,8726100000,3588300000,10895100000.0,338000000,0.0342,0.199,2006-06,46.24845365494016
K,2823000000,0.71,462700000.0,11089200000,8622500000,3753700000,11089200000.0,610000000,0.0357,0.2224,2006-09,46.77949166676355
K,2584000000,0.46,411000000.0,10714000000,8645000000,3630000000,10714000000.0,298000000,0.0131,0.1931,2006-12,47.06842134819656
K,2963000000,0.81,236000000.0,10685000000,8410000000,3831000000,10685000000.0,355000000,-0.0095,0.2129,2007-03,49.40353242177812
K,3015000000,0.76,574000000.0,11123000000,8722000000,4011000000,11123000000.0,395000000,0.0209,0.2158,2007-06,50.44667991759285
K,3004000000,0.77,576000000.0,11272000000,8765000000,4190000000,11272000000.0,503000000,0.0164,0.2224,2007-09,50.34220141456241
K,2794000000,0.45,524000000.0,11397000000,8871000000,4217000000,11397000000.0,250000000,0.0637,0.2216,2007-12,47.35903980692879
K,3258000000,0.82,532000000.0,11932000000,9698000000,4399000000,11932000000.0,248000000,0.1167,0.1872,2008-03,48.44468891620636
K,3343000000,0.82,556000000.0,11993000000,9489000000,4590000000,11993000000.0,441000000,0.0782,0.2087,2008-06,50.51896546378968
K,3288000000,0.9,684000000.0,12038000000,9419000000,4790000000,12038000000.0,499000000,0.0679,0.2175,2008-09,44.0569342961387
K,2933000000,0.47,255000000.0,10946000000,9491000000,4836000000,10946000000.0,79000000,-0.0395,0.1329,2008-12,38.35044707021406
K,3169000000,0.84,304000000.0,10974000000,9349000000,5027000000,10974000000.0,245000000,-0.0802,0.148,2009-03,39.74200742206876
K,3229000000,0.93,424000000.0,11262000000,9290000000,5246000000,11262000000.0,451000000,-0.0609,0.1751,2009-06,44.62538201468332
K,3277000000,0.94,527000000.0,11520000000,9490000000,5461000000,11520000000.0,534000000,-0.043,0.1762,2009-09,48.77919345431857
K,2900000000,0.46,334000000.0,11200000000,8925000000,5481000000,11200000000.0,413000000,0.0232,0.2031,2009-12,50.07102837101106
K,3318000000,1.1,387000000.0,11389000000,8948000000,5750000000,11389000000.0,250000000,0.0378,0.2143,2010-03,50.51374913775732
K,3062000000,0.8,471000000.0,11385000000,9001000000,5903000000,11385000000.0,343000000,0.0109,0.2093,2010-06,47.61979318043542
K,3157000000,0.91,559000000.0,11724000000,9506000000,6087000000,11724000000.0,486000000,0.0177,0.1891,2010-09,46.87622027926975
K,2860000000,0.63,444000000.0,11847000000,9693000000,6122000000,11847000000.0,-71000000,0.0577,0.1818,2010-12,49.48774125840929
K,3485000000,1.0,404000000.0,12188000000,9884000000,6325000000,12188000000.0,310000000,0.0701,0.189,2011-03,52.29182482522632
K,3386000000,0.94,457000000.0,12356000000,9888000000,6511000000,12356000000.0,336000000,0.0852,0.1997,2011-06,50.705417814708895
K,3312000000,0.81,582000000.0,12263000000,9978000000,6644000000,12263000000.0,623000000,0.0459,0.1863,2011-09,48.06215062217107
K,3015000000,0.65,460000000.0,11943000000,10145000000,5305000000,11943000000.0,326000000,0.0081,0.1505,2011-12,48.460245501610544
K,3440000000,0.98,404000000.0,12134000000,10070000000,6917000000,12134000000.0,340000000,-0.0044,0.1701,2012-03,47.45524996802921
K,3474000000,0.91,230000000.0,14640000000,12487000000,7061000000,14640000000.0,340000000,0.1848,0.147,2012-06,46.90498545813182
K,3720000000,0.89,305000000.0,14854000000,12416000000,7196000000,14854000000.0,695000000,0.2112,0.1641,2012-09,50.83137074454886
K,3563000000,-0.09,281000000.0,15169000000,12704000000,5615000000,15169000000.0,383000000,0.2701,0.1625,2012-12,56.07511745515417
K,3861000000,0.86,252000000.0,15224000000,12382000000,5749000000,15224000000.0,338000000,0.2546,0.1866,2013-03,60.29518783092499
K,3714000000,0.96,262000000.0,15076000000,12457000000,5939000000,15076000000.0,367000000,0.0297,0.1737,2013-06,59.71473294212704
K,3716000000,0.9,300000000.0,15220000000,12324000000,6098000000,15220000000.0,684000000,0.0246,0.1902,2013-09,57.57373846144903
K,3501000000,2.26,273000000.0,15474000000,11867000000,6749000000,15474000000.0,418000000,0.0201,0.2331,2013-12,56.7596547526698
K,3742000000,1.13,284000000.0,15728000000,12156000000,6985000000,15728000000.0,268000000,0.0331,0.2271,2014-03,62.57619785127186
K,3685000000,0.82,290000000.0,15813000000,12000000000,7113000000,15813000000.0,386000000,0.0488,0.2411,2014-06,60.360831911601714
K,3639000000,0.63,426000000.0,15772000000,12327000000,7161000000,15772000000.0,523000000,0.0362,0.2184,2014-09,60.02280341254341
K,3514000000,-0.82,443000000.0,15153000000,12302000000,6689000000,15153000000.0,616000000,-0.0207,0.1881,2014-12,61.15144637323195
K,3556000000,0.64,349000000.0,15208000000,12556000000,6739000000,15208000000.0,160000000,-0.033,0.1743,2015-03,59.8180194430881
K,3498000000,0.63,294000000.0,14962000000,12288000000,6789000000,14962000000.0,421000000,-0.0538,0.1787,2015-06,62.36828389243474
K,3329000000,0.58,299000000.0,15518000000,12845000000,6815000000,15518000000.0,388000000,-0.0161,0.1722,2015-09,65.28817361498636
K,3142000000,-0.12,251000000.0,15251000000,13113000000,6597000000,15251000000.0,722000000,0.0064,0.1401,2015-12,68.98807025346599
K,3395000000,0.5,310000000.0,15297000000,13256000000,6595000000,15297000000.0,5000000,0.0058,0.1334,2016-03,71.67884385585785
K,3268000000,0.8,531000000.0,15387000000,13387000000,6701000000,15387000000.0,643000000,0.0284,0.1299,2016-06,76.56844717358786
K,3254000000,0.83,346000000.0,15319000000,13119000000,6807000000,15319000000.0,373000000,-0.0128,0.1436,2016-09,69.53871409098308
K,3048000000,-0.15,280000000.0,15111000000,13185000000,6571000000,15111000000.0,250000000,-0.0091,0.1274,2016-12,69.02392848845452
K,3248000000,0.76,298000000.0,15427000000,13405000000,6650000000,15427000000.0,-34000000,0.0084,0.131,2017-03,67.29607246035621
K,3175000000,0.81,334000000.0,15535000000,13685000000,6752000000,15535000000.0,126000000,0.0096,0.119,2017-06,63.1550787062872
K,3246000000,0.83,267000000.0,15641000000,13698000000,6862000000,15641000000.0,98000000,0.021,0.1242,2017-09,60.18838955107189
K,3185000000,1.24,281000000.0,16351000000,14157000000,7069000000,16351000000.0,213000000,0.082,0.1341,2017-12,63.105210288626246
K,3401000000,1.28,370000000.0,16702000000,14148000000,7334000000,16702000000.0,228000000,0.0826,0.1529,2018-03,59.48224753141403
K,3360000000,1.72,257000000.0,17901000000,14497000000,7743000000,17901000000.0,219000000,0.1523,0.1901,2018-06,67.36045897953095
K,3469000000,1.1,309000000.0,18114000000,14499000000,7929000000,18114000000.0,479000000,0.1581,0.1995,2018-09,60.485537067536384
K,3317000000,-0.24,321000000.0,17780000000,14621000000,7652000000,17780000000.0,610000000,0.0873,0.1776,2018-12,53.39058026959819
K,3522000000,0.82,272000000.0,18465000000,15368000000,7762000000,18465000000.0,70000000,0.1055,0.1677,2019-03,53.096206725589816
K,3461000000,0.84,340000000.0,18669000000,15457000000,7858000000,18669000000.0,450000000,0.0429,0.172,2019-06,57.09754822746156
K,3372000000,0.73,453000000.0,17499000000,14211000000,7910000000,17499000000.0,405000000,-0.0339,0.1878,2019-09,60.51792241656591
K,3223000000,0.43,397000000.0,17564000000,14250000000,7859000000,17564000000.0,251000000,-0.0121,0.1886,2019-12,61.45252197019516
K,3412000000,1.01,1016000000.0,18240000000,15028000000,8010000000,18240000000.0,391000000,-0.0121,0.176,2020-03,60.431030636742
K,3465000000,1.02,1047000000.0,18551000000,15145000000,8166000000,18551000000.0,580000000,-0.0063,0.1836,2020-06,63.476563166058256
K,3429000000,1.02,1329000000.0,18922000000,15336000000,8318000000,18922000000.0,622000000,0.0813,0.1895,2020-09,60.13741714235336
K,3464000000,0.6,435000000.0,17996000000,14360000000,8326000000,17996000000.0,393000000,0.0245,0.202,2020-12,55.97592015420237
K,3584000000,1.07,391000000.0,18064000000,14409000000,8506000000,18064000000.0,235000000,-0.0096,0.2023,2021-03,60.71868242536272
K,3555000000,1.12,395000000.0,18213000000,14333000000,8688000000,18213000000.0,452000000,-0.0182,0.213,2021-06,59.93397437201606
K,3622000000,0.9,440000000.0,18407000000,14398000000,8796000000,18407000000.0,458000000,-0.0272,0.2177,2021-09,58.99500698513455
K,986000000,1.27,286000000.0,18178000000,13963000000,9028000000,18178000000.0,556000000,0.0101,0.2318,2021-12,60.13682083856492
K,3672000000,1.24,313000000.0,18612000000,14317000000,9254000000,18612000000.0,327000000,0.0303,0.2307,2022-03,64.87566252677671
K,3864000000,0.96,323000000.0,18937000000,14379000000,9387000000,18937000000.0,478000000,0.0397,0.2406,2022-06,68.78426058330233
K,3946000000,0.91,373000000.0,19016000000,14278000000,9499000000,19016000000.0,375000000,0.033,0.2491,2022-09,67.86586216517857
K,1171000000,-0.29,299000000.0,18496000000,14121000000,9197000000,18496000000.0,471000000,0.0174,0.2365,2022-12,63.17310296335528
K,4053000000,0.87,347000000.0,18630000000,14151000000,9293000000,18630000000.0,276000000,0.0009,0.2404,2023-03,63.76480410175939
K,4041000000,1.04,308000000.0,18101000000,13880000000,9447000000,18101000000.0,368000000,-0.0441,0.2331,2023-06,59.48565437680199
K,3939000000,0.79,1099000000.0,18695000000,14418000000,9509000000,18695000000.0,756000000,-0.0168,0.2287,2023-09,52.255238063751705
KMB,3330900000,0.84,359700000.0,14995900000,8947800000,0,14995900000.0,521100000,0.036,0.4033,2002-03,62.04967623949051
KMB,3408900000,0.82,380400000.0,15529800000,9296900000,0,15529800000.0,796800000,0.0615,0.4013,2002-06,56.36594699677967
KMB,3486700000,0.85,489200000.0,15416300000,9164000000,0,15416300000.0,557000000,0.0197,0.4055,2002-09,48.84292887127589
KMB,3005000000,0.72,494500000.0,15639600000,9733800000,10054000000,15639600000.0,542500000,0.0421,0.3776,2002-12,43.64070769279234
KMB,3459700000,0.78,363800000.0,15725700000,9587800000,0,15725700000.0,520700000,0.0486,0.3903,2003-03,48.12080546787807
KMB,3544600000,0.82,376800000.0,16169700000,9591700000,0,16169700000.0,688700000,0.0412,0.4068,2003-06,48.39200107635013
KMB,3641600000,0.83,305000000.0,16405700000,9654200000,10788700000,16405700000.0,809700000,0.0641,0.4115,2003-09,51.92393747965495
KMB,3380400000,0.91,290600000.0,16779900000,9715300000,11059200000,16779900000.0,589400000,0.0729,0.421,2003-12,58.13178474672379
KMB,3711500000,0.92,329000000.0,16888100000,9589500000,0,16888100000.0,614900000,0.0739,0.4321,2004-03,62.20378586553758
KMB,3687300000,0.91,362300000.0,16724100000,9645700000,0,16724100000.0,735900000,0.0342,0.4232,2004-06,62.677867647201296
KMB,3783000000,0.9,315500000.0,16717200000,9786100000,0,16717200000.0,743200000,0.0189,0.4146,2004-09,60.6428341941228
KMB,3901400000,0.92,594000000.0,17018000000,10020100000,11865900000,17018000000.0,875600000,0.0141,0.4112,2004-12,62.72105899933846
KMB,3905800000,0.94,833500000.0,17034100000,10154900000,0,17034100000.0,608400000,0.0086,0.4038,2005-03,61.51920521259308
KMB,3987100000,0.88,466100000.0,16605200000,9855900000,0,16605200000.0,474300000,-0.0071,0.4064,2005-06,59.66777747017996
KMB,4000800000,0.69,313400000.0,16289200000,9882400000,0,16289200000.0,553000000,-0.0256,0.3933,2005-09,56.02352808392237
KMB,4008900000,0.79,364000000.0,16303200000,10350500000,12581400000,16303200000.0,676100000,-0.042,0.3651,2005-12,56.53249002272083
KMB,4067900000,0.6,389200000.0,16391500000,10322000000,0,16391500000.0,518900000,-0.0377,0.3702,2006-03,57.14529200962612
KMB,4161400000,0.82,337400000.0,16534900000,10244900000,0,16534900000.0,599800000,-0.0042,0.3804,2006-06,59.704302409338574
KMB,4210400000,0.8,399200000.0,16625800000,10239200000,0,16625800000.0,647800000,0.0206,0.3841,2006-09,63.75306289915054
KMB,4307200000,1.05,360800000.0,17067000000,10547000000,7895600000,17067000000.0,813000000,0.0468,0.382,2006-12,65.78548656526159
KMB,4385300000,0.99,342000000.0,17181600000,10420700000,0,17181600000.0,524500000,0.0482,0.3934,2007-03,67.35743961636982
KMB,4502000000,1.01,457000000.0,17846600000,10723000000,0,17846600000.0,651500000,0.0793,0.3991,2007-06,65.71945995754666
KMB,4620600000,1.05,539600000.0,18324300000,12879600000,0,18324300000.0,567600000,0.1021,0.2971,2007-09,66.45147559756325
KMB,4758100000,1.08,472700000.0,18439700000,12731900000,8747800000,18439700000.0,685300000,0.0804,0.3095,2007-12,62.75230632844519
KMB,4813000000,1.05,524700000.0,18912400000,12884600000,0,18912400000.0,444000000,0.1007,0.3187,2008-03,60.70904278755188
KMB,5006000000,0.99,545800000.0,19625500000,13595100000,0,19625500000.0,753000000,0.0996,0.3072,2008-06,58.31956039913117
KMB,4998000000,0.99,524100000.0,18701200000,13304800000,0,18701200000.0,641000000,0.0205,0.2885,2008-09,54.57471575055804
KMB,4598000000,1.03,364000000.0,18089000000,13807000000,9465000000,18089000000.0,678000000,-0.019,0.2367,2008-12,47.02935101909022
KMB,4493000000,0.98,592000000.0,17573000000,13760000000,0,17573000000.0,692000000,-0.0708,0.2169,2009-03,48.65756607055664
KMB,4727000000,0.97,591000000.0,18146000000,13369000000,0,18146000000.0,997000000,-0.0753,0.2632,2009-06,54.89095863463387
KMB,4913000000,1.4,750000000.0,18588000000,13089000000,0,18588000000.0,791000000,-0.006,0.2958,2009-09,60.38092198447576
KMB,4982000000,1.18,798000000.0,19209000000,13519000000,10329000000,19209000000.0,1001000000,0.0619,0.2962,2009-12,58.545913019487934
KMB,4835000000,0.92,669000000.0,18997000000,13319000000,0,18997000000.0,464000000,0.081,0.2988,2010-03,59.177737947494265
KMB,4857000000,1.2,585000000.0,18713000000,13426000000,0,18713000000.0,587000000,0.0312,0.2825,2010-06,61.87249852740575
KMB,4979000000,1.14,533000000.0,19486000000,13552000000,0,19486000000.0,745000000,0.0483,0.3045,2010-09,60.76351801554362
KMB,5075000000,1.2,876000000.0,19864000000,13662000000,11086000000,19864000000.0,948000000,0.034,0.3122,2010-12,61.88786891150096
KMB,5029000000,0.87,585000000.0,19992000000,14271000000,0,19992000000.0,250000000,0.0523,0.2861,2011-03,63.64394517928835
KMB,5259000000,1.04,908000000.0,20480000000,14623000000,0,20480000000.0,771000000,0.0944,0.2859,2011-06,64.34034898546007
KMB,5382000000,1.1,1232000000.0,19630000000,14167000000,0,19630000000.0,750000000,0.0073,0.2782,2011-09,67.96542358398438
KMB,5176000000,1.02,764000000.0,19373000000,13844000000,8244000000,19373000000.0,517000000,-0.0247,0.2853,2011-12,69.51288161739227
KMB,5241000000,1.19,785000000.0,19557000000,13919000000,0,19557000000.0,585000000,-0.0217,0.2882,2012-03,75.54398939344618
KMB,5269000000,1.27,994000000.0,19596000000,13872000000,0,19596000000.0,740000000,-0.0431,0.2921,2012-06,80.79486859033979
KMB,5246000000,1.31,1249000000.0,20037000000,14198000000,0,20037000000.0,844000000,0.0207,0.2914,2012-09,81.69184187592053
KMB,3711000000,0.68,1106000000.0,19873000000,14586000000,8823000000,19873000000.0,1119000000,0.0258,0.266,2012-12,86.98395238157178
KMB,5318000000,1.37,1109000000.0,19746000000,14761000000,0,19746000000.0,607000000,0.0096,0.2524,2013-03,96.47725892066956
KMB,5267000000,1.37,1160000000.0,19514000000,14854000000,0,19514000000.0,576000000,-0.0041,0.2388,2013-06,92.68030281672402
KMB,5262000000,1.43,1179000000.0,19364000000,14388000000,0,19364000000.0,912000000,-0.0335,0.2569,2013-09,99.78587426079643
KMB,3714000000,1.41,1054000000.0,18919000000,13779000000,9714000000,18919000000.0,945000000,-0.048,0.2716,2013-12,103.48854089552356
KMB,4887000000,1.42,1165000000.0,19002000000,14077000000,0,19002000000.0,437000000,-0.0376,0.2591,2014-03,106.25880795433407
KMB,4953000000,1.35,1369000000.0,19377000000,14481000000,0,19377000000.0,842000000,-0.007,0.2526,2014-06,104.1463111998543
KMB,5056000000,1.51,1431000000.0,18876000000,14328000000,0,18876000000.0,976000000,-0.0252,0.2409,2014-09,110.89431714254712
KMB,4828000000,-0.22,789000000.0,15526000000,14527000000,8470000000,15526000000.0,590000000,-0.1793,0.0643,2014-12,110.55435525217364
KMB,4691000000,1.28,587000000.0,15053000000,14641000000,0,15053000000.0,20000000,-0.2078,0.0273,2015-03,108.92222280350944
KMB,4643000000,-0.84,603000000.0,15346000000,14602000000,0,15346000000.0,772000000,-0.208,0.0484,2015-06,110.24666656009737
KMB,4718000000,1.42,643000000.0,14928000000,14652000000,0,14928000000.0,849000000,-0.2091,0.0184,2015-09,119.93222154889789
KMB,4539000000,0.92,619000000.0,14842000000,14802000000,4994000000,14842000000.0,665000000,-0.044,0.0026,2015-12,129.96114737088564
KMB,4476000000,1.51,635000000.0,14820000000,14491000000,0,14820000000.0,553000000,-0.0154,0.0221,2016-03,130.82499957084656
KMB,4588000000,1.57,656000000.0,14770000000,14346000000,0,14770000000.0,860000000,-0.0375,0.0287,2016-06,129.38841283889045
KMB,4594000000,1.53,884000000.0,14899000000,14348000000,0,14899000000.0,948000000,-0.0019,0.0369,2016-09,116.07571471683563
KMB,4629000000,1.41,923000000.0,14602000000,14485000000,5831000000,14602000000.0,871000000,-0.0161,0.008,2016-12,126.10951651296308
KMB,4504000000,1.58,835000000.0,14758000000,14396000000,0,14758000000.0,436000000,-0.0041,0.0245,2017-03,130.14508008200025
KMB,4576000000,1.5,1051000000.0,15070000000,14739000000,0,15070000000.0,825000000,0.0203,0.0219,2017-06,122.11682540651351
KMB,4665000000,1.61,655000000.0,15049000000,14551000000,0,15049000000.0,805000000,0.01,0.033,2017-09,116.62936570909288
KMB,4603000000,1.76,616000000.0,15151000000,14269000000,5769000000,15151000000.0,863000000,0.0375,0.0582,2017-12,113.84344282306608
KMB,4731000000,0.27,626000000.0,15303000000,14748000000,0,15303000000.0,542000000,0.0369,0.0362,2018-03,103.89437484741212
KMB,4604000000,1.3,484000000.0,14564000000,14386000000,0,14564000000.0,787000000,-0.0335,0.0122,2018-06,112.13253977942088
KMB,4582000000,1.3,494000000.0,14583000000,14471000000,0,14583000000.0,692000000,-0.0309,0.0076,2018-09,110.92403227283108
KMB,4569000000,1.19,539000000.0,14518000000,14564000000,5947000000,14518000000.0,949000000,-0.0417,-0.0031,2018-12,116.17919380434098
KMB,4633000000,1.32,491000000.0,15204000000,15286000000,0,15204000000.0,317000000,-0.0064,-0.0053,2019-03,128.96174609471882
KMB,4594000000,1.41,534000000.0,15347000000,15297000000,6170000000,15347000000.0,609000000,0.0537,0.0032,2019-06,137.35301571800596
KMB,4640000000,1.95,416000000.0,15033000000,14945000000,6485000000,15033000000.0,886000000,0.0308,0.0058,2019-09,135.21825469486296
KMB,4583000000,1.6,442000000.0,15283000000,15089000000,6686000000,15283000000.0,924000000,0.0526,0.0126,2019-12,138.49370993337322
KMB,5009000000,1.93,979000000.0,15677000000,15631000000,6978000000,15677000000.0,704000000,0.0311,0.0029,2020-03,137.82619113013857
KMB,4612000000,2.0,1448000000.0,16173000000,15678000000,7299000000,16173000000.0,1579000000,0.0538,0.0306,2020-06,150.20301528204055
KMB,4683000000,1.38,1518000000.0,16531000000,15954000000,7395000000,16531000000.0,559000000,0.0996,0.0349,2020-09,140.08936564127603
KMB,4836000000,1.59,303000000.0,17523000000,16654000000,7567000000,17523000000.0,887000000,0.1465,0.0495,2020-12,132.76161292291457
KMB,4743000000,1.73,320000000.0,17226000000,16480000000,7764000000,17226000000.0,321000000,0.0988,0.0433,2021-03,133.49666801331534
KMB,4722000000,1.2,306000000.0,17827000000,17069000000,7798000000,17827000000.0,565000000,0.1022,0.0425,2021-06,136.06730167449467
KMB,5010000000,1.39,286000000.0,17775000000,17068000000,7883000000,17775000000.0,782000000,0.0752,0.0397,2021-09,134.47396826365636
KMB,4965000000,1.06,270000000.0,17837000000,17100000000,7858000000,17837000000.0,1062000000,0.0179,0.0413,2021-12,132.1331743512835
KMB,5095000000,1.55,493000000.0,18672000000,17818000000,7988000000,18672000000.0,204000000,0.0839,0.0457,2022-03,131.54241918748426
KMB,5063000000,1.3,311000000.0,18114000000,17372000000,8022000000,18114000000.0,740000000,0.016,0.0409,2022-06,130.32190486363
KMB,5053000000,1.38,362000000.0,17836000000,17253000000,8086000000,17836000000.0,798000000,0.0034,0.0326,2022-09,127.0538098774259
KMB,4964000000,1.5,427000000.0,17970000000,17270000000,8201000000,17970000000.0,991000000,0.0074,0.0389,2022-12,129.88370969218593
KMB,5195000000,1.68,524000000.0,18177000000,17316000000,8365000000,18177000000.0,613000000,-0.0265,0.0473,2023-03,139.15274269350112
KMB,5134000000,0.3,580000000.0,17383000000,16732000000,8040000000,17383000000.0,787000000,-0.0403,0.0374,2023-06,129.18238091847255
KMB,5132000000,1.74,814000000.0,17153000000,16313000000,8217000000,17153000000.0,927000000,-0.0382,0.0489,2023-09,120.8696821909102
ODC,40023000,0.04,2659000.0,130460000,58766000,89572000,130460000.0,513000,-0.0386,0.5495,2001-10,5.79134425178903
ODC,43780000,0.0,4290000.0,129789000,58560000,89173000,129789000.0,3888000,-0.0192,0.5488,2002-01,6.964952400752476
ODC,39261000,0.07,6795000.0,125490000,54169000,89203000,125490000.0,3700000,-0.0399,0.5683,2002-04,7.082158800155398
ODC,39281000,-0.27,7154000.0,125035000,55964000,86790000,125035000.0,10068000,-0.042,0.5524,2002-07,6.230250015854836
ODC,37730000,0.05,4167000.0,122722000,53744000,86727000,122722000.0,1447000,-0.0593,0.562,2002-10,6.6653114537723726
ODC,44456000,0.17,3037000.0,126751000,57056000,87474000,126751000.0,2632000,-0.0234,0.5498,2003-01,7.919619045560322
ODC,46125000,0.14,4772000.0,125863000,56522000,87987000,125863000.0,8475000,0.0029,0.5509,2003-04,9.030095160953582
ODC,44730000,0.05,4753000.0,126823000,57809000,88002000,126823000.0,4822000,0.0142,0.5441,2003-07,9.670125052332878
ODC,46292000,0.27,1190000.0,122730000,52852000,89212000,122730000.0,-1728000,0.0001,0.5693,2003-10,12.49495084168481
ODC,47800000,0.27,5911000.0,127042000,55384000,90427000,127042000.0,8551000,0.0022,0.564,2004-01,13.436444358220175
ODC,46616000,0.28,4853000.0,127879000,54821000,91736000,127879000.0,6889000,0.016,0.5713,2004-04,13.09109672423332
ODC,44803000,-0.04,6348000.0,128875000,56617000,90985000,128875000.0,4865000,0.0161,0.5606,2004-07,12.053375035524368
ODC,44121000,0.2,4616000.0,125007000,52339000,91700000,125007000.0,1028000,0.0185,0.5813,2004-10,13.723096786006804
ODC,49481000,0.33,4677000.0,127129000,52890000,93098000,127129000.0,4631000,0.0006,0.5839,2005-01,14.79822229960608
ODC,48249000,0.3,3711000.0,121445000,47753000,94511000,121445000.0,2160000,-0.0503,0.6067,2005-04,14.08939676436167
ODC,46017000,0.18,5945000.0,123571000,49717000,94891000,123571000.0,5166000,-0.0411,0.5976,2005-07,14.097749948501589
ODC,47789000,0.16,5853000.0,126588000,52448000,95311000,126588000.0,1891000,0.0126,0.5856,2005-10,14.146622907919962
ODC,53963000,0.3,6873000.0,143142000,67807000,96437000,143142000.0,-1436000,0.1259,0.5262,2006-01,15.694222283741784
ODC,51764000,0.19,7825000.0,139110000,63263000,97023000,139110000.0,2919000,0.1454,0.5452,2006-04,15.722793685065376
ODC,51694000,0.18,6607000.0,139547000,66311000,97390000,139547000.0,7261000,0.1292,0.5248,2006-07,14.74328115582466
ODC,52129000,0.27,8127000.0,138245000,64944000,97047000,138245000.0,2039000,0.092,0.5302,2006-10,16.547499910990396
ODC,52873000,0.32,9572000.0,140535000,65300000,98252000,140535000.0,5074000,-0.0182,0.5353,2007-01,17.379682465205118
ODC,52956000,0.32,10061000.0,138546000,61023000,99414000,138546000.0,2999000,-0.004,0.5595,2007-04,17.55952380952381
ODC,54159000,0.32,12133000.0,142087000,61845000,100503000,142087000.0,6739000,0.0182,0.5647,2007-07,17.650468692183495
ODC,55285000,0.38,5370000.0,143056000,59698000,102144000,143056000.0,4000,0.0348,0.5826,2007-10,21.04163939053895
ODC,58026000,0.32,4325000.0,145361000,60423000,103386000,145361000.0,2718000,0.0343,0.5843,2008-01,18.2190476977636
ODC,59543000,0.29,8165000.0,144538000,58053000,104550000,144538000.0,3401000,0.0432,0.5983,2008-04,17.29269840603783
ODC,59505000,0.35,6848000.0,148988000,61362000,105966000,148988000.0,5218000,0.0485,0.5881,2008-07,16.50671862065792
ODC,63128000,0.32,1308000.0,143142000,55242000,107199000,143142000.0,-2582000,0.0006,0.614,2008-10,17.30639343574399
ODC,59130000,0.33,2272000.0,143591000,53958000,108637000,143591000.0,4528000,-0.0121,0.6242,2009-01,15.048412640889486
ODC,58053000,0.34,11680000.0,144104000,52702000,110053000,144104000.0,6361000,-0.003,0.6342,2009-04,15.775873047964913
ODC,55934000,0.35,11839000.0,149261000,59698000,111593000,149261000.0,7507000,0.0018,0.6,2009-07,15.305781215429306
ODC,53404000,0.31,16028000.0,149126000,58162000,112790000,149126000.0,7639000,0.0418,0.6099,2009-10,15.477213140393866
ODC,54734000,0.32,20864000.0,153866000,61619000,114042000,153866000.0,6124000,0.0715,0.5995,2010-01,18.24555551438105
ODC,56259000,0.36,21639000.0,153539000,59797000,115579000,153539000.0,6333000,0.0654,0.6105,2010-04,21.61698411002992
ODC,54653000,0.34,18762000.0,153982000,63393000,116917000,153982000.0,6120000,0.0316,0.5883,2010-07,21.10531243681908
ODC,56285000,0.38,16099000.0,151343000,59192000,118198000,151343000.0,-464000,0.0148,0.6088,2010-10,21.26677417755127
ODC,57201000,0.27,19282000.0,172061000,80187000,118819000,172061000.0,7720000,0.1182,0.5339,2011-01,20.344444456554594
ODC,55538000,0.28,15452000.0,171359000,77965000,119624000,171359000.0,3864000,0.116,0.545,2011-04,20.826508052765377
ODC,57731000,0.4,17885000.0,173393000,78095000,121388000,173393000.0,1988000,0.126,0.5496,2011-07,18.906718850135803
ODC,59582000,0.16,21000000.0,172518000,77138000,121256000,172518000.0,377000,0.1399,0.5528,2011-10,20.197868753652106
ODC,60203000,0.49,27359000.0,174222000,76483000,123363000,174222000.0,9904000,0.0125,0.561,2012-01,20.86888897608197
ODC,59780000,0.28,25649000.0,171938000,75519000,124119000,171938000.0,5355000,0.0033,0.5607,2012-04,20.583809443882533
ODC,61116000,-0.01,27093000.0,174267000,88959000,122901000,174267000.0,7703000,0.005,0.4895,2012-07,22.87777785649376
ODC,61417000,0.69,27177000.0,174708000,85670000,126196000,174708000.0,4424000,0.0126,0.5096,2012-10,25.01655738080134
ODC,61122000,0.33,25430000.0,176418000,86577000,125997000,176418000.0,6387000,0.0126,0.5092,2013-01,27.05873023139106
ODC,64152000,0.5,22649000.0,180854000,87404000,129248000,180854000.0,8463000,0.0518,0.5167,2013-04,28.10428570944165
ODC,63892000,0.73,24035000.0,183559000,80621000,132750000,183559000.0,4092000,0.0533,0.5607,2013-07,32.728281289339066
ODC,63546000,0.44,17776000.0,178429000,73559000,134382000,178429000.0,-652000,0.0212,0.5877,2013-10,37.05590163684282
ODC,69305000,0.65,12082000.0,183860000,75802000,137422000,183860000.0,3052000,0.0421,0.5877,2014-01,33.82968227447025
ODC,67417000,0.11,16436000.0,184637000,76645000,136901000,184637000.0,8310000,0.0209,0.5848,2014-04,30.90904756576296
ODC,66045000,0.07,16230000.0,186204000,81896000,136039000,186204000.0,5586000,0.0144,0.5601,2014-07,28.66453132033348
ODC,66044000,0.32,8406000.0,180727000,75380000,136846000,180727000.0,1748000,0.0128,0.5829,2014-10,29.999016464733685
ODC,64643000,0.43,12763000.0,184314000,77387000,138330000,184314000.0,8859000,0.0024,0.5801,2015-01,31.996031746031747
ODC,65196000,0.21,14379000.0,185426000,78056000,138405000,185426000.0,5661000,0.0042,0.579,2015-04,30.15603171454536
ODC,65519000,0.77,20138000.0,190031000,79503000,142095000,190031000.0,10708000,0.0205,0.5816,2015-07,25.04281255602837
ODC,67795000,0.82,21011000.0,192086000,76860000,146080000,192086000.0,8516000,0.0628,0.5998,2015-10,33.866885107071674
ODC,65367000,0.57,13827000.0,199055000,80984000,148493000,199055000.0,8535000,0.0799,0.5931,2016-01,35.115238068595765
ODC,64235000,-0.14,17194000.0,196149000,79598000,146195000,196149000.0,2358000,0.0578,0.5941,2016-04,34.22920647878495
ODC,64916000,0.79,18629000.0,204815000,89264000,149945000,204815000.0,5762000,0.0777,0.5641,2016-07,36.3714063167572
ODC,66612000,0.3,15991000.0,200067000,83293000,150475000,200067000.0,1325000,0.0415,0.5836,2016-10,37.191311382856526
ODC,65174000,0.63,17560000.0,206574000,86069000,153240000,206574000.0,7768000,0.0377,0.5833,2017-01,36.43857156662714
ODC,64745000,0.48,13603000.0,212053000,89265000,154966000,212053000.0,11940000,0.081,0.579,2017-04,39.527301606677824
ODC,65776000,0.2,9095000.0,212575000,86538000,154735000,212575000.0,5916000,0.0378,0.5929,2017-07,42.77250009775162
ODC,66646000,0.45,8401000.0,206917000,78807000,156226000,206917000.0,2568000,0.0342,0.6191,2017-10,42.60901610577693
ODC,68894000,-0.17,9381000.0,205535000,79273000,153571000,205535000.0,9061000,-0.005,0.6143,2018-01,38.545872945634144
ODC,64847000,0.53,10613000.0,198010000,68997000,157862000,198010000.0,-8840000,-0.0662,0.6515,2018-04,41.57682539924743
ODC,65613000,0.4,12757000.0,194682000,62797000,158935000,194682000.0,7823000,-0.0841,0.6774,2018-07,37.8409375846386
ODC,66143000,0.13,9019000.0,196951000,65164000,158185000,196951000.0,684000,-0.0481,0.6691,2018-10,28.63233324686686
ODC,69880000,0.33,9375000.0,193137000,60373000,158788000,193137000.0,2008000,-0.0603,0.6874,2019-01,30.1512698218936
ODC,70885000,0.81,16224000.0,198478000,60963000,162718000,198478000.0,12672000,0.0023,0.6928,2019-04,31.853333185589506
ODC,70117000,0.54,21862000.0,205227000,69681000,164756000,205227000.0,11379000,0.0541,0.6604,2019-07,32.63453108072281
ODC,71122000,0.51,19260000.0,209742000,71806000,166526000,209742000.0,6692000,0.0649,0.6576,2019-10,36.214917917720605
ODC,71005000,0.68,21569000.0,209079000,62150000,169590000,209079000.0,7578000,0.0825,0.7027,2020-01,33.5706350235712
ODC,76256000,0.66,20548000.0,215981000,69326000,172504000,215981000.0,7999000,0.0881,0.679,2020-04,34.93126987275623
ODC,64844000,0.85,40890000.0,235882000,87918000,176579000,235882000.0,20193000,0.1493,0.6272,2020-07,36.24312502145767
ODC,76097000,0.57,31291000.0,227371000,77055000,178761000,227371000.0,-3435000,0.084,0.6611,2020-10,34.73639347514168
ODC,74500000,0.62,30708000.0,228197000,75756000,181265000,228197000.0,6520000,0.0914,0.668,2021-01,35.585079435318235
ODC,76255000,0.32,30318000.0,229634000,76695000,181703000,229634000.0,5255000,0.0632,0.666,2021-04,35.55365087115575
ODC,78129000,0.09,24591000.0,227566000,68334000,180443000,227566000.0,5296000,-0.0352,0.6997,2021-07,34.94140648841858
ODC,82460000,0.08,13055000.0,223888000,67587000,179164000,223888000.0,-596000,-0.0153,0.6981,2021-10,33.672096683133034
ODC,87210000,0.29,29009000.0,247214000,93923000,179322000,247214000.0,657000,0.0833,0.62,2022-01,29.04428563799177
ODC,85761000,-0.32,22825000.0,241452000,95697000,175368000,241452000.0,5399000,0.0514,0.6036,2022-04,27.501451523073257
ODC,93158000,0.79,16298000.0,249611000,99262000,178754000,249611000.0,3557000,0.0968,0.6023,2022-07,26.56265634298325
ODC,98539000,0.8,10470000.0,249113000,95085000,182135000,249113000.0,2814000,0.1126,0.6183,2022-10,32.96377056934794
ODC,101669000,0.58,13951000.0,256044000,99070000,184133000,256044000.0,11403000,0.0357,0.613,2023-01,39.296349177284846
ODC,105425000,1.28,29746000.0,270296000,103201000,190800000,270296000.0,22574000,0.1194,0.6181,2023-04,50.47225786024524
ODC,107388000,1.79,31754000.0,286235000,109159000,200796000,286235000.0,12973000,0.1467,0.6186,2023-07,62.90140616893768
ODC,111438000,1.61,29579000.0,288768000,102852000,209585000,288768000.0,8564000,0.1591,0.6438,2023-10,61.33833331153507
PPL,1354000000,-0.01,486000000.0,12368000000,9608000000,967000000,12368000000.0,-2000000,-0.0141,0.2231,2002-03,16.623161554336548
PPL,1301000000,-0.09,193000000.0,12194000000,9479000000,887000000,12194000000.0,21000000,0.0026,0.2226,2002-06,15.187437980894058
PPL,1462000000,0.4,339000000.0,15702000000,13150000000,956000000,15702000000.0,408000000,0.2284,0.1625,2002-09,15.308298247201105
PPL,1426000000,0.37,245000000.0,15552000000,13210000000,1013000000,15552000000.0,375000000,0.238,0.1505,2002-12,16.393316022811398
PPL,1488000000,0.71,397000000.0,15953000000,13367000000,1187000000,15953000000.0,154000000,0.2898,0.1621,2003-03,18.111368754553418
PPL,1339000000,0.34,370000000.0,16012000000,13027000000,1235000000,16012000000.0,344000000,0.3131,0.1864,2003-06,18.86395469544426
PPL,1462000000,0.48,587000000.0,15934000000,12876000000,1339000000,15934000000.0,521000000,0.0147,0.1919,2003-09,19.060287869165816
PPL,1288000000,0.68,476000000.0,17123000000,13759000000,1478000000,17123000000.0,321000000,0.101,0.1964,2003-12,21.025378473343387
PPL,1519000000,0.5,572000000.0,17583000000,14043000000,1582000000,17583000000.0,317000000,0.1021,0.2013,2004-03,20.06468452945832
PPL,1361000000,0.4,358000000.0,17234000000,13074000000,1653000000,17234000000.0,-132000000,0.0763,0.2413,2004-06,21.71610841296968
PPL,1454000000,0.52,778000000.0,17573000000,13302000000,1771000000,17573000000.0,867000000,0.1028,0.243,2004-09,23.94673750135634
PPL,1423000000,0.47,616000000.0,17733000000,13387000000,1870000000,17733000000.0,445000000,0.0356,0.245,2004-12,24.96858073819068
PPL,1600000000,0.45,754000000.0,18178000000,13754000000,1951000000,18178000000.0,307000000,0.0338,0.2433,2005-03,26.074906945228577
PPL,1467000000,0.34,481000000.0,17427000000,13015000000,1991000000,17427000000.0,344000000,0.0111,0.2531,2005-06,29.18630599975586
PPL,1620000000,0.52,235000000.0,17763000000,13351000000,2092000000,17763000000.0,472000000,0.0108,0.2483,2005-09,27.89661280314128
PPL,854000000,0.37,555000000.0,17926000000,13401000000,2182000000,17926000000.0,265000000,0.0108,0.2524,2005-12,28.41941753510505
PPL,1650000000,0.74,338000000.0,17892000000,13062000000,2357000000,17892000000.0,297000000,-0.0157,0.2699,2006-03,27.929137850564626
PPL,1504000000,0.48,468000000.0,18339000000,13092000000,2433000000,18339000000.0,398000000,0.0523,0.2861,2006-06,31.46830994742257
PPL,1589000000,0.59,800000000.0,18857000000,13408000000,2553000000,18857000000.0,202000000,0.0615,0.2889,2006-09,32.37812520587255
PPL,1527000000,0.46,794000000.0,19747000000,14565000000,2626000000,19747000000.0,861000000,0.1015,0.2624,2006-12,34.52287542624552
PPL,1546000000,0.53,965000000.0,20107000000,14808000000,2711000000,20107000000.0,286000000,0.1237,0.2635,2007-03,41.70276968819754
PPL,1573000000,0.89,742000000.0,20006000000,14611000000,2937000000,20006000000.0,333000000,0.0908,0.2696,2007-06,45.150428166465154
PPL,1774000000,0.85,574000000.0,19825000000,14639000000,3144000000,19825000000.0,620000000,0.0513,0.2615,2007-09,46.98839060465495
PPL,1605000000,1.12,633000000.0,19972000000,14397000000,3448000000,19972000000.0,332000000,0.0113,0.2791,2007-12,45.05120705776528
PPL,1526000000,0.69,773000000.0,21055000000,15452000000,3583000000,21055000000.0,424000000,0.0471,0.2661,2008-03,45.95483946800232
PPL,1014000000,0.5,955000000.0,23901000000,18699000000,3647000000,23901000000.0,509000000,0.1946,0.2176,2008-06,41.19715269785079
PPL,2971000000,0.54,349000000.0,20506000000,14903000000,3725000000,20506000000.0,228000000,0.0343,0.2732,2008-09,29.12827839927068
PPL,2506000000,0.74,1100000000.0,21405000000,16009000000,3862000000,21405000000.0,428000000,0.0717,0.252,2008-12,27.664382780751875
PPL,2344000000,0.64,631000000.0,21790000000,16234000000,3973000000,21790000000.0,310000000,0.0349,0.2549,2009-03,28.996256086561417
PPL,1671000000,-0.02,973000000.0,22410000000,16572000000,3837000000,22410000000.0,258000000,-0.0623,0.2605,2009-06,28.692442212785995
PPL,1782000000,0.05,696000000.0,21944000000,16007000000,3726000000,21944000000.0,679000000,0.0701,0.2705,2009-09,28.72348885309129
PPL,1710000000,0.41,801000000.0,22165000000,16350000000,3749000000,22165000000.0,605000000,0.0355,0.2623,2009-12,27.65101263600011
PPL,3006000000,0.66,1724000000.0,24935000000,18724000000,3866000000,24935000000.0,798000000,0.1443,0.249,2010-03,24.35817981901623
PPL,1473000000,0.22,4505000000.0,25913000000,17708000000,3818000000,25913000000.0,-226000000,0.1563,0.3166,2010-06,24.977338942270432
PPL,2179000000,0.51,0.0,0,0,0,0.0,1124000000,-1.0,0.0,2010-09,24.65060984899128
PPL,1863000000,0.77,925000000.0,32837000000,24359000000,4082000000,32837000000.0,337000000,0.4814,0.2581,2010-12,23.64661979675293
PPL,2910000000,0.82,1245000000.0,32741000000,23943000000,4312000000,32741000000.0,196000000,0.313,0.2687,2011-03,25.356699867854044
PPL,2489000000,0.35,1269000000.0,40537000000,29618000000,4306000000,40537000000.0,618000000,0.5643,0.2693,2011-06,25.966840653192428
PPL,3120000000,0.76,1511000000.0,40956000000,29840000000,4547000000,40956000000.0,1032000000,0.0,0.2714,2011-09,27.137595615689715
PPL,4218000000,0.79,1202000000.0,42648000000,31552000000,4797000000,42648000000.0,661000000,0.2987,0.2601,2011-12,26.208844984731368
PPL,4112000000,0.93,1103000000.0,44082000000,32547000000,5129000000,44082000000.0,728000000,0.3463,0.2616,2012-03,25.566782179332915
PPL,2549000000,0.46,981000000.0,43508000000,32528000000,5190000000,43508000000.0,219000000,0.0732,0.2523,2012-06,26.96240376669263
PPL,2403000000,0.61,946000000.0,43240000000,32008000000,5335000000,43240000000.0,1147000000,0.0557,0.2597,2012-09,27.01426459140465
PPL,3068000000,0.61,901000000.0,43634000000,33136000000,5478000000,43634000000.0,670000000,0.0231,0.2405,2012-12,27.97833989878169
PPL,2457000000,0.7,853000000.0,43341000000,32799000000,5676000000,43341000000.0,244000000,-0.0168,0.2432,2013-03,28.895811855793
PPL,3450000000,0.68,711000000.0,43746000000,32792000000,5863000000,43746000000.0,703000000,0.0054,0.2504,2013-06,28.689042015681192
PPL,3074000000,0.65,1291000000.0,44988000000,32626000000,6040000000,44988000000.0,1276000000,0.0404,0.2747,2013-09,28.20353120470804
PPL,-1639000000,-0.16,1102000000.0,46259000000,33793000000,5709000000,46259000000.0,633000000,0.0601,0.2694,2013-12,29.02437699225641
PPL,1194000000,0.5,1256000000.0,47973000000,35256000000,5788000000,47973000000.0,931000000,0.1068,0.265,2014-03,31.491225318303183
PPL,1849000000,0.35,1269000000.0,48193000000,34458000000,5768000000,48193000000.0,652000000,0.1016,0.2849,2014-06,31.288239494202628
PPL,1879000000,0.74,1188000000.0,48189000000,34215000000,6017000000,48189000000.0,1045000000,0.0711,0.2899,2014-09,32.65710167657761
PPL,1946000000,1.04,1399000000.0,48606000000,34978000000,6462000000,48606000000.0,775000000,0.0507,0.2803,2014-12,32.14621953041323
PPL,2230000000,0.97,1335000000.0,48921000000,34885000000,6860000000,48921000000.0,673000000,0.0197,0.2869,2015-03,31.27962291051471
PPL,1781000000,-1.13,846000000.0,38244000000,28303000000,2654000000,38244000000.0,640000000,-0.2064,0.2599,2015-06,31.26920639522492
PPL,1878000000,0.58,981000000.0,39246000000,29024000000,2791000000,39246000000.0,718000000,-0.1855,0.2604,2015-09,33.71253979395306
PPL,1780000000,0.59,836000000.0,39301000000,29382000000,2953000000,39301000000.0,584000000,-0.1914,0.2523,2015-12,35.47524580408315
PPL,2011000000,0.71,814000000.0,38709000000,28947000000,3185000000,38709000000.0,557000000,-0.2087,0.2521,2016-03,38.087812423706055
PPL,1785000000,0.71,492000000.0,39528000000,29203000000,3409000000,39528000000.0,613000000,0.0335,0.2612,2016-06,36.00460294693235
PPL,1889000000,0.7,416000000.0,38038000000,28063000000,3624000000,38038000000.0,1060000000,-0.0307,0.2622,2016-09,33.54365091475229
PPL,1832000000,0.68,341000000.0,38315000000,28416000000,3829000000,38315000000.0,660000000,-0.025,0.2583,2016-12,35.76870992106776
PPL,1951000000,0.59,409000000.0,39034000000,28925000000,3962000000,39034000000.0,135000000,0.0083,0.2589,2017-03,38.6533333309113
PPL,1725000000,0.43,467000000.0,39964000000,29474000000,3983000000,39964000000.0,655000000,0.011,0.2624,2017-06,38.66396822248186
PPL,1845000000,0.52,676000000.0,40758000000,30066000000,4066000000,40758000000.0,964000000,0.0715,0.2623,2017-09,35.91999998546782
PPL,1926000000,0.11,485000000.0,41479000000,30718000000,3871000000,41479000000.0,707000000,0.0825,0.2594,2017-12,29.78032793764208
PPL,2126000000,0.65,629000000.0,42388000000,31212000000,4037000000,42388000000.0,566000000,0.0859,0.2636,2018-03,27.68687507510185
PPL,1848000000,0.74,852000000.0,42830000000,31590000000,4266000000,42830000000.0,759000000,0.0717,0.2624,2018-06,29.217301686604817
PPL,1872000000,0.63,842000000.0,43042000000,31259000000,4423000000,43042000000.0,885000000,0.056,0.2737,2018-09,30.40967747472948
PPL,1939000000,0.57,621000000.0,43396000000,31739000000,4593000000,43396000000.0,611000000,0.0462,0.2686,2018-12,31.039677312297204
PPL,2079000000,0.65,518000000.0,44567000000,32395000000,4761000000,44567000000.0,474000000,0.0514,0.2731,2019-03,30.99904765780009
PPL,1803000000,0.61,406000000.0,44204000000,32221000000,4903000000,44204000000.0,596000000,0.032,0.271,2019-06,30.202063454522023
PPL,1933000000,0.66,670000000.0,44559000000,32657000000,5080000000,44559000000.0,818000000,0.0352,0.2671,2019-09,33.47920632740808
PPL,-213000000,0.49,815000000.0,45680000000,32689000000,5127000000,45680000000.0,539000000,0.0526,0.2843,2019-12,32.40209650224255
PPL,1440000000,0.72,915000000.0,46328000000,33087000000,5360000000,46328000000.0,692000000,0.0395,0.2858,2020-03,25.9973016769167
PPL,1263000000,0.45,1278000000.0,46520000000,33476000000,5383000000,46520000000.0,607000000,0.0523,0.2803,2020-06,26.957777810475186
PPL,1400000000,0.37,746000000.0,47924000000,34238000000,5345000000,47924000000.0,948000000,0.0755,0.2855,2020-09,28.390634900047665
PPL,1371000000,0.38,442000000.0,48116000000,34743000000,5315000000,48116000000.0,499000000,0.0533,0.2779,2020-12,28.00241931792229
PPL,1498000000,-2.39,421000000.0,47781000000,36227000000,3155000000,47781000000.0,663000000,0.0313,0.2418,2021-03,28.90761902218773
PPL,1288000000,0.03,7629000000.0,36759000000,21807000000,2854000000,36759000000.0,858000000,-0.2098,0.4067,2021-06,28.8660317981054
PPL,1512000000,0.27,4767000000.0,34171000000,19595000000,2743000000,34171000000.0,457000000,-0.2869,0.4265,2021-09,28.837777697850782
PPL,1485000000,0.18,3571000000.0,33223000000,19500000000,2572000000,33223000000.0,292000000,-0.3095,0.413,2021-12,28.235238150944785
PPL,1782000000,0.37,4249000000.0,34107000000,20242000000,2697000000,34107000000.0,502000000,-0.2861,0.4065,2022-03,28.72790321227043
PPL,1696000000,0.16,336000000.0,37062000000,23189000000,2649000000,37062000000.0,477000000,0.0082,0.3743,2022-06,28.68238100929866
PPL,2134000000,0.24,303000000.0,37378000000,23494000000,2658000000,37378000000.0,532000000,0.0938,0.3714,2022-09,27.494285765148344
PPL,2290000000,0.26,356000000.0,37837000000,23919000000,2681000000,37837000000.0,219000000,0.1388,0.3678,2022-12,28.32080644176852
PPL,2415000000,0.39,460000000.0,38302000000,24266000000,2788000000,38302000000.0,430000000,0.1229,0.3664,2023-03,27.59806454566217
PPL,1823000000,0.15,326000000.0,38296000000,24337000000,2721000000,38296000000.0,412000000,0.0332,0.3645,2023-06,25.85904754154265
PPL,2043000000,0.31,353000000.0,38629000000,24617000000,2775000000,38629000000.0,806000000,0.0334,0.3627,2023-09,25.361745985727463
PWOD,5298000,0.34,15687000.0,428716000,372678000,8265000,428716000.0,4157000,0.1021,0.1307,2002-03,17.244791626930237
PWOD,5373000,0.33,12887000.0,444926000,386590000,9486000,444926000.0,1535000,0.1151,0.1311,2002-06,16.931217284429643
PWOD,5914000,0.39,18807000.0,464242000,402814000,11043000,464242000.0,1815000,0.1297,0.1323,2002-09,17.2008179558648
PWOD,7126000,0.03,11731000.0,472206000,409064000,11749000,472206000.0,1065000,0.1115,0.1337,2002-12,20.38791145816926
PWOD,5989000,0.36,17898000.0,494202000,429362000,13028000,494202000.0,3497000,0.1527,0.1312,2003-03,23.36099085732112
PWOD,7843000,0.55,14109000.0,515209000,446194000,15455000,515209000.0,838000,0.1579,0.1339,2003-06,22.2562931302994
PWOD,7484000,0.5,10567000.0,518473000,451073000,17558000,518473000.0,382000,0.1168,0.1299,2003-09,24.075821710011315
PWOD,7105000,0.43,10230000.0,527381000,457612000,13022000,527381000.0,1720000,0.1168,0.1322,2003-12,25.133422882326187
PWOD,7240000,0.44,12112000.0,526167000,454860000,14532000,526167000.0,4955000,0.0646,0.1355,2004-03,24.83790317658455
PWOD,7440000,0.47,11261000.0,543228000,474991000,16175000,543228000.0,-25000,0.0543,0.1256,2004-06,26.463492257254465
PWOD,7650000,0.47,16927000.0,559269000,486887000,17839000,559269000.0,1108000,0.0786,0.1294,2004-09,26.53324517749605
PWOD,7665000,0.46,12626000.0,546703000,473538000,18262000,546703000.0,4154000,0.0366,0.1338,2004-12,26.299283335285804
PWOD,7493000,0.37,17344000.0,543993000,472082000,19481000,543993000.0,5287000,0.0338,0.1321,2005-03,26.35737836360932
PWOD,7672000,0.38,16970000.0,580577000,504782000,20714000,580577000.0,229000,0.0687,0.1305,2005-06,25.16225745185973
PWOD,7696000,0.49,13140000.0,570419000,495929000,22102000,570419000.0,2092000,0.0199,0.1305,2005-09,25.39292765420581
PWOD,7028000,0.42,14090000.0,568668000,494749000,22938000,568668000.0,2684000,0.0401,0.1299,2005-12,25.371290422255
PWOD,7170000,0.41,14882000.0,579397000,505582000,23727000,579397000.0,2761000,0.065,0.1273,2006-03,25.50338624015687
PWOD,7142000,0.41,14208000.0,576305000,504673000,24471000,576305000.0,-1372000,-0.0073,0.1242,2006-06,25.20592610798185
PWOD,7227000,0.42,13468000.0,586752000,512027000,25208000,586752000.0,3485000,0.0286,0.1273,2006-09,25.01142859080481
PWOD,7033000,0.38,15373000.0,592285000,517691000,25783000,592285000.0,2861000,0.0415,0.1259,2006-12,23.748961839519563
PWOD,6714000,0.39,13255000.0,586591000,512409000,26350000,586591000.0,2158000,0.0124,0.1264,2007-03,22.912804285685223
PWOD,6980000,0.4,11331000.0,586572000,516852000,26974000,586572000.0,153000,0.0178,0.1188,2007-06,21.840952252584792
PWOD,6871000,0.4,13243000.0,613329000,541777000,27552000,613329000.0,1059000,0.0452,0.1166,2007-09,20.87576738993327
PWOD,6415000,0.33,15433000.0,628138000,557579000,27707000,628138000.0,4258000,0.0605,0.1123,2007-12,21.3239342111056
PWOD,6795000,0.36,16452000.0,631016000,561862000,27620000,631016000.0,2129000,0.0757,0.1095,2008-03,21.130208134651184
PWOD,6777000,0.35,17209000.0,634504000,569982000,27898000,634504000.0,992000,0.0817,0.1016,2008-06,20.3482537042527
PWOD,5985000,0.26,12554000.0,632244000,572683000,27680000,632244000.0,1489000,0.0308,0.0942,2008-09,17.174179788619753
PWOD,7175000,0.38,18000.0,652803000,591776000,28177000,652803000.0,2391000,0.0392,0.0934,2008-12,16.17903197196222
PWOD,5061000,0.14,12909000.0,649612000,591028000,27254000,649612000.0,4040000,0.0294,0.0901,2009-03,18.540000037541464
PWOD,5413000,0.14,18647000.0,667861000,606490000,26322000,667861000.0,-330000,0.0525,0.0918,2009-06,21.63862446376256
PWOD,7326000,0.33,12663000.0,678685000,608146000,26481000,678685000.0,1548000,0.0734,0.1039,2009-09,21.13174608018663
PWOD,8280000,0.43,13788000.0,676204000,609288000,27218000,676204000.0,1061000,0.0358,0.0989,2009-12,21.310214965574204
PWOD,9118000,0.42,20424000.0,695755000,627783000,27901000,695755000.0,2060000,0.071,0.0976,2010-03,20.986243353949654
PWOD,8598000,0.48,24341000.0,710291000,639688000,28910000,710291000.0,1949000,0.0635,0.0994,2010-06,20.83724872649662
PWOD,8628000,0.49,23057000.0,713496000,638173000,29994000,713496000.0,3715000,0.0512,0.1055,2010-09,23.857989417182075
PWOD,8733000,0.5,9493000.0,691688000,625068000,31091000,691688000.0,2137000,0.0228,0.0963,2010-12,25.46793656122117
PWOD,8942000,0.49,11504000.0,693337000,624339000,32180000,693337000.0,4182000,-0.0034,0.0995,2011-03,24.26476190960597
PWOD,8791000,0.52,20904000.0,744986000,671080000,33379000,744986000.0,1632000,0.0488,0.0992,2011-06,22.85386252024817
PWOD,9200000,0.54,11675000.0,752650000,674078000,34765000,752650000.0,6516000,0.0548,0.1043,2011-09,24.700317534189377
PWOD,10006000,0.58,13885000.0,763953000,683493000,36394000,763953000.0,4163000,0.1044,0.1053,2011-12,26.102580593478294
PWOD,10433000,0.64,23431000.0,793114000,707835000,38279000,793114000.0,3490000,0.1439,0.1075,2012-03,25.417354523189484
PWOD,9979000,0.59,16073000.0,818433000,730322000,39874000,818433000.0,1982000,0.0985,0.1076,2012-06,26.870899624294704
PWOD,10461000,0.64,21144000.0,840606000,746827000,41737000,840606000.0,5718000,0.1168,0.1115,2012-09,26.75923478798788
PWOD,10123000,0.54,15142000.0,856535000,762809000,43030000,856535000.0,2776000,0.1211,0.1094,2012-12,26.800765053170625
PWOD,10938000,0.64,13068000.0,852997000,759984000,43948000,852997000.0,4245000,0.0755,0.109,2013-03,27.064479142427444
PWOD,12289000,0.58,28305000.0,1206958000,1081030000,45343000,1206958000.0,1052000,0.4747,0.1043,2013-06,30.67005281599741
PWOD,13471000,0.44,32849000.0,1204090000,1078238000,46324000,1204090000.0,6670000,0.4324,0.1045,2013-09,33.606878129262775
PWOD,13379000,0.48,24493000.0,1211995000,1084180000,47554000,1211995000.0,5360000,0.4149,0.1054,2013-12,31.74333317049088
PWOD,13298000,0.48,39495000.0,1217137000,1084832000,48758000,1217137000.0,1722000,0.4268,0.1087,2014-03,30.20380949595618
PWOD,13060000,0.48,24867000.0,1222847000,1087045000,49955000,1222847000.0,5457000,0.0131,0.111,2014-06,29.811111117166185
PWOD,15142000,0.66,25242000.0,1227122000,1090118000,52482000,1227122000.0,5926000,0.0191,0.1116,2014-09,30.527619134812127
PWOD,13652000,0.4,19908000.0,1245011000,1109044000,53107000,1245011000.0,5633000,0.0272,0.1092,2014-12,31.04387089513964
PWOD,13371000,0.46,21772000.0,1268833000,1131829000,54205000,1268833000.0,1730000,0.0424,0.1079,2015-03,29.347407477242605
PWOD,13279000,0.48,21869000.0,1291812000,1156814000,55397000,1291812000.0,3779000,0.0563,0.1045,2015-06,28.315238165476966
PWOD,13371000,0.47,18255000.0,1299292000,1163715000,56523000,1299292000.0,5800000,0.0588,0.1043,2015-09,28.885714455256387
PWOD,13073000,0.52,22796000.0,1320057000,1183778000,58038000,1320057000.0,4426000,0.0602,0.1032,2015-12,26.08601091728836
PWOD,13371000,0.43,47125000.0,1318137000,1180474000,58888000,1318137000.0,2742000,0.0388,0.1044,2016-03,27.385520845651627
PWOD,13307000,0.48,69475000.0,1346457000,1207063000,60054000,1346457000.0,2725000,0.0423,0.1035,2016-06,28.755767247033496
PWOD,13083000,0.43,60181000.0,1347412000,1207477000,60889000,1347412000.0,6695000,0.037,0.1038,2016-09,30.77661375015501
PWOD,13648000,0.41,43671000.0,1348590000,1210341000,61610000,1348590000.0,3951000,0.0216,0.1025,2016-12,31.293978506518947
PWOD,12987000,0.38,75660000.0,1400708000,1261595000,62071000,1400708000.0,4532000,0.0626,0.0993,2017-03,27.23269844055176
PWOD,13587000,0.43,38202000.0,1395364000,1256924000,62952000,1395364000.0,-112000,0.0363,0.0992,2017-06,28.58656083969843
PWOD,14192000,0.46,27747000.0,1430197000,1290528000,64033000,1430197000.0,2931000,0.0614,0.0976,2017-09,31.939576587979754
PWOD,14057000,0.1,27243000.0,1474492000,1336298000,63364000,1474492000.0,10342000,0.0933,0.0937,2017-12,28.37693980482758
PWOD,13234000,0.45,37392000.0,1526745000,1388632000,63832000,1526745000.0,3624000,0.0899,0.0904,2018-03,29.511041790246964
PWOD,14065000,0.49,56007000.0,1603273000,1464138000,66181000,1603273000.0,3817000,0.1489,0.0867,2018-06,30.072592689877464
PWOD,14844000,0.54,72347000.0,1670348000,1529809000,67802000,1670348000.0,2632000,0.1679,0.0841,2018-09,27.867956838300152
PWOD,15128000,0.59,66742000.0,1684771000,1541227000,69787000,1684771000.0,7197000,0.1426,0.0852,2018-12,26.90548386112336
PWOD,14932000,0.56,73596000.0,1704708000,1557672000,71526000,1704708000.0,6298000,0.1165,0.0862,2019-03,28.10677258930509
PWOD,15382000,0.6,79525000.0,1711500000,1559959000,73565000,1711500000.0,2084000,0.0675,0.0885,2019-06,29.16052906096928
PWOD,15725000,0.66,57341000.0,1673095000,1518034000,76009000,1673095000.0,7391000,0.0016,0.0926,2019-09,31.73015879070948
PWOD,15228000,0.4,48589000.0,1665323000,1510341000,76583000,1665323000.0,-1723000,-0.0115,0.093,2019-12,29.75435472303821
PWOD,14598000,0.44,77761000.0,1688508000,1531920000,77403000,1688508000.0,8608000,-0.0095,0.0927,2020-03,22.343015791877868
PWOD,14871000,0.53,215174000.0,1838364000,1678756000,78910000,1838364000.0,3381000,0.0741,0.0868,2020-06,20.85650804307725
PWOD,15880000,0.63,226272000.0,1840779000,1678350000,81127000,1840779000.0,2912000,0.1002,0.0882,2020-09,23.96238090878441
PWOD,15042000,0.55,213358000.0,1834643000,1670497000,82769000,1834643000.0,7099000,0.1016,0.0894,2020-12,24.23661299674741
PWOD,14684000,0.49,277688000.0,1896192000,1732129000,83948000,1896192000.0,9390000,0.1229,0.0865,2021-03,24.43476183452304
PWOD,15004000,0.51,227120000.0,1894870000,1728035000,85281000,1894870000.0,-2449000,0.0307,0.088,2021-06,23.700000066605824
PWOD,15583000,0.58,241647000.0,1910791000,1742310000,87146000,1910791000.0,5446000,0.038,0.0881,2021-09,23.93730157519144
PWOD,16116000,0.69,213862000.0,1940809000,1768535000,89761000,1940809000.0,5536000,0.0578,0.0887,2021-12,24.23539688473656
PWOD,15265000,0.49,168803000.0,1916809000,1748382000,90928000,1916809000.0,7090000,0.0108,0.0878,2022-03,23.328387075854884
PWOD,15984000,0.6,50992000.0,1891806000,1725752000,92903000,1891806000.0,3285000,-0.0016,0.0877,2022-06,22.98746039375426
PWOD,17615000,0.74,36862000.0,1905116000,1740627000,95896000,1905116000.0,8259000,-0.0029,0.0863,2022-09,25.079206315297927
PWOD,17629000,0.64,40333000.0,2000080000,1832415000,98147000,2000080000.0,5259000,0.0305,0.0838,2022-12,25.963709646655666
PWOD,16555000,0.66,41646000.0,2065143000,1891173000,102194000,2065143000.0,11106000,0.0773,0.0842,2023-03,24.213709523600915
PWOD,15408000,0.59,44861000.0,2135319000,1960917000,104104000,2135319000.0,3899000,0.1287,0.0816,2023-06,25.02619037930928
PWOD,15207000,0.31,35590000.0,2176468000,2001928000,104067000,2176468000.0,-808000,0.1424,0.0801,2023-09,21.211587300376287
SIRI,33000,-1.22,22947000.0,1613370000,1201686000,-583909000,1613370000.0,-117934000,-0.0251,0.2551,2002-03,4.313749987632036
SIRI,70000,-1.62,24965000.0,1523400000,1234121000,-697176000,1523400000.0,-75113000,-0.0537,0.1898,2002-06,1.9390476204100109
SIRI,17000,-1.56,63966000.0,1433545000,1263141000,-805393000,1433545000.0,-63457000,-0.0873,0.1188,2002-09,0.8090476195017496
SIRI,685000,-1.72,18375000.0,1340940000,772941000,-927479000,1340940000.0,-64307000,-0.1221,0.4235,2002-12,0.8090322507965949
SIRI,1591000,0.16,254180000.0,1420985000,117744000,-787391000,1420985000.0,-71140000,-0.1192,0.9171,2003-03,1.2452380922105577
SIRI,2073000,-0.12,554535000.0,1660830000,324855000,-899227000,1660830000.0,-64616000,0.0902,0.8044,2003-06,1.731111108310639
SIRI,4258000,-0.11,450508000.0,1568301000,336705000,-1005916000,1568301000.0,-74981000,0.094,0.7853,2003-09,2.215714288136316
SIRI,4950000,-0.16,520979000.0,1617317000,292123000,-1153694000,1617317000.0,-73750000,0.2061,0.8193,2003-12,3.0459677519336825
SIRI,9291000,-0.12,701056000.0,1887019000,538402000,-1297753000,1887019000.0,-71871000,0.3279,0.7146,2004-03,3.318870975125221
SIRI,13230000,-0.11,634023000.0,1800871000,573525000,-1434550000,1800871000.0,-63303000,0.0843,0.6815,2004-06,2.541587307339623
SIRI,19116000,-0.14,517631000.0,1690563000,615520000,-1603983000,1690563000.0,-100346000,0.0779,0.6359,2004-09,5.4293650975303045
SIRI,25217000,-0.2,753891000.0,1957613000,956980000,-1865856000,1957613000.0,-98943000,0.2104,0.5111,2004-12,6.001451576909711
SIRI,43216000,-0.15,629376000.0,1814229000,966060000,-2059468000,1814229000.0,-117168000,-0.0385,0.4675,2005-03,5.543437473475933
SIRI,52194000,-0.13,576919000.0,1741534000,1024483000,-2237014000,1741534000.0,-64637000,-0.0329,0.4117,2005-06,6.793968253665501
SIRI,66831000,-0.14,810333000.0,2092389000,1517583000,-2417464000,2092389000.0,-76323000,0.2376,0.2747,2005-09,6.769365076034788
SIRI,80004000,-0.23,762007000.0,2085362000,1760394000,-2728853000,2085362000.0,-15612000,0.0652,0.1558,2005-12,5.499354854706795
SIRI,126664000,-0.33,630831000.0,1908104000,1773401000,-3187397000,1908104000.0,-157172000,0.0517,0.0705,2006-03,4.560158725768801
SIRI,150078000,-0.17,534963000.0,1811396000,1868519000,-3425225000,1811396000.0,-113116000,0.0401,-0.0315,2006-06,4.026031789325533
SIRI,167113000,-0.12,317876000.0,1610616000,1810916000,-3588123000,1610616000.0,-179129000,-0.2302,-0.1243,2006-09,3.907777790039305
SIRI,193380000,-0.18,393421000.0,1658528000,2047599000,-3833720000,1658528000.0,34868000,-0.2046,-0.2345,2006-12,3.61688524777772
SIRI,204037000,-0.1,259162000.0,1506147000,1928057000,-3978465000,1506147000.0,-133947000,-0.2106,-0.2801,2007-03,2.9096825274210127
SIRI,226427000,-0.09,424749000.0,1688272000,2227748000,-4112612000,1688272000.0,-55900000,-0.0679,-0.3195,2007-06,3.080952383223034
SIRI,241786000,-0.08,357710000.0,1587128000,2227641000,-4232749000,1587128000.0,-62587000,-0.0145,-0.4035,2007-09,3.472222226006644
SIRI,249816000,-0.12,438820000.0,1694149000,2486886000,-4398972000,1694149000.0,103668000,0.0214,-0.4679,2007-12,2.953114755818101
SIRI,270350000,-0.07,252508000.0,1469823000,2309257000,-4503090000,1469823000.0,-139292000,-0.0241,-0.5711,2008-03,2.5620312429964542
SIRI,283017000,-0.06,220133000.0,1456485000,2339332000,-4586989000,1456485000.0,8211000,-0.1372,-0.6061,2008-06,1.5020634976644365
SIRI,488443000,-1.93,359657000.0,7503074000,7487325000,-9466416000,7503074000.0,-85911000,3.7274,0.002,2008-09,0.2692063482744353
SIRI,622183000,0.31,380446000.0,7459736000,7451199000,-9712260000,7459736000.0,64195000,3.4032,0.0011,2008-12,0.1711290319480242
SIRI,586979000,-0.07,375486000.0,7484918000,7240390000,-9948859000,7484918000.0,66871000,4.0923,0.0326,2009-03,0.3766666669694204
SIRI,590829000,-0.04,541688000.0,7507332000,7363628000,-10106215000,7507332000.0,69988000,4.1544,0.0191,2009-06,0.5495238110186562
SIRI,618656000,-0.04,380372000.0,7268943000,7261298000,-10255405000,7268943000.0,116248000,-0.0312,0.001,2009-09,0.6079365062335181
SIRI,676174000,0.0,383489000.0,7322206000,7226684000,-10254108000,7322206000.0,180723000,-0.0184,0.013,2009-12,0.850000003653188
SIRI,663784000,0.01,268538000.0,7740354000,7588335000,-10212510000,7740354000.0,-37688000,0.0341,0.0196,2010-03,1.037619049586947
SIRI,699761000,0.0,258854000.0,7200932000,7020504000,-10197238000,7200932000.0,178675000,-0.0408,0.025,2010-06,1.0230158605272808
SIRI,717548000,0.02,316255000.0,7231785000,6962693000,-10129609000,7231785000.0,150059000,-0.0051,0.0372,2010-09,1.4131745970438396
SIRI,735899000,-0.02,586691000.0,7383086000,7175450000,-10211053000,7383086000.0,221849000,0.0083,0.0281,2010-12,1.6984126965204875
SIRI,723839000,0.02,433695000.0,7229420000,6930794000,-10132932000,7229420000.0,18109000,-0.066,0.0413,2011-03,2.032380947991023
SIRI,744397000,0.05,528327000.0,7303785000,6809174000,-9959613000,7303785000.0,195381000,0.0142,0.0677,2011-06,1.91349206462739
SIRI,762550000,0.02,604592000.0,7324837000,6709825000,-9855429000,7324837000.0,115144000,0.0128,0.0839,2011-09,1.740793646328033
SIRI,783738000,0.01,773990000.0,7495996000,6791851000,-9784092000,7495996000.0,214996000,0.0152,0.0939,2011-12,2.1661290276435112
SIRI,804722000,0.02,746576000.0,7501724000,6652145000,-9676318000,7501724000.0,39948000,0.0376,0.1132,2012-03,2.049841284751892
SIRI,837543000,0.49,868330000.0,9535081000,5521491000,-6542148000,9535081000.0,253775000,0.3054,0.4209,2012-06,2.345872992560977
SIRI,867360000,0.01,556270000.0,9155042000,4998867000,-6467635000,9155042000.0,219809000,0.2498,0.4539,2012-09,2.793278698061333
SIRI,892415000,0.02,520945000.0,9054843000,5015278000,-6311390000,9054843000.0,293233000,0.2079,0.4461,2012-12,3.129016403292046
SIRI,897398000,0.02,206727000.0,8643197000,4905816000,-6187788000,8643197000.0,168915000,0.1521,0.4324,2013-03,3.2876562401652336
SIRI,940110000,0.02,651769000.0,8951186000,5712340000,-6062266000,8951186000.0,273106000,-0.0612,0.3618,2013-06,3.719523812097216
SIRI,961509000,0.01,716784000.0,8906312000,6071644000,-5999372000,8906312000.0,302236000,-0.0271,0.3182,2013-09,3.740476210912069
SIRI,1000078000,0.01,134805000.0,8844780000,6099038000,-5934175000,8844780000.0,358575000,-0.0231,0.3104,2013-12,3.534354832864577
SIRI,997711000,0.02,121171000.0,8734175000,6008762000,-5840187000,8734175000.0,251390000,0.0105,0.312,2014-03,3.2487301599411738
SIRI,1035345000,0.02,169980000.0,8624534000,7138645000,-5720226000,8624534000.0,340682000,-0.0364,0.1722,2014-06,3.495555552225264
SIRI,1057087000,0.02,103585000.0,8449357000,7275942000,-5584056000,8449357000.0,296096000,-0.0513,0.1388,2014-09,3.441746026750595
SIRI,1090952000,0.03,147724000.0,8369065000,7059228000,-5440934000,8369065000.0,365076000,-0.0537,0.1565,2014-12,3.748387102157839
SIRI,1080990000,0.02,482043000.0,8550009000,7661831000,-5335242000,8550009000.0,310029000,-0.021,0.1038,2015-03,3.8780952483888655
SIRI,1123210000,0.02,294053000.0,8408071000,7960807000,-5232393000,8408071000.0,402312000,-0.025,0.0531,2015-06,3.833650785779196
SIRI,1169712000,0.03,152545000.0,8140881000,8079969000,-5065843000,8140881000.0,188613000,-0.0365,0.0074,2015-09,4.042063523852636
SIRI,1196146000,0.03,111838000.0,8046662000,8213153000,-4931210000,8046662000.0,343097000,-0.0385,-0.0206,2015-12,3.737541007213905
SIRI,1201010000,0.03,101952000.0,7928242000,8492186000,-4759871000,7928242000.0,362186000,-0.0727,-0.0711,2016-03,3.929218791425228
SIRI,1235566000,0.04,476453000.0,8139845000,8914964000,-4586856000,8139845000.0,432102000,-0.0319,-0.0952,2016-06,4.173968224298386
SIRI,1277646000,0.04,572382000.0,8422827000,8929341000,-4096008000,8422827000.0,421816000,0.0346,-0.0601,2016-09,4.350793649279882
SIRI,1302998000,0.04,213939000.0,8003595000,8795610000,-3891381000,8003595000.0,503133000,-0.0053,-0.0989,2016-12,4.9150000233804025
SIRI,1294066000,0.04,230488000.0,7931806000,8852884000,-3684308000,7931806000.0,309325000,0.0004,-0.1161,2017-03,5.103968241858104
SIRI,1347569000,0.04,42738000.0,8347704000,9389394000,-3482199000,8347704000.0,483211000,0.0255,-0.1247,2017-06,5.53317459802779
SIRI,1379596000,0.06,73553000.0,8652416000,9702517000,-3206477000,8652416000.0,521228000,0.0272,-0.1213,2017-09,5.524126976255387
SIRI,1403769000,-0.01,69022000.0,8329374000,9853248000,-3243473000,8329374000.0,542236000,0.0407,-0.1829,2017-12,6.004754121186303
SIRI,1375000000,0.06,78539000.0,8299288000,9863756000,-2939629000,8299288000.0,415000000,0.0463,-0.1885,2018-03,6.753593742847443
SIRI,1432000000,0.07,63516000.0,8299154000,9669722000,-2647277000,8299154000.0,579000000,-0.0058,-0.1651,2018-06,6.9603174603174605
SIRI,1467000000,0.08,46044000.0,8273507000,9648882000,-2308361000,8273507000.0,352000000,-0.0437,-0.1662,2018-09,6.085645175749256
SIRI,1496000000,0.06,54000000.0,8173000000,9990000000,-2057000000,8173000000.0,534000000,-0.0187,-0.2223,2018-12,5.956451615979595
SIRI,1744000000,0.04,62000000.0,11225000000,11071000000,-1895000000,11225000000.0,396000000,0.3525,0.0137,2019-03,5.688253940097869
SIRI,1977000000,0.06,215000000.0,11316000000,11805000000,-1632000000,11316000000.0,545000000,0.3635,-0.0432,2019-06,6.14809522931538
SIRI,2011000000,0.06,79000000.0,11088000000,11836000000,-1386000000,11088000000.0,544000000,0.3401,-0.0674,2019-09,6.732063452402751
SIRI,2062000000,0.05,106000000.0,11149000000,11885000000,-1143000000,11149000000.0,532000000,0.3641,-0.066,2019-12,6.576451624593427
SIRI,1952000000,0.07,40000000.0,10935000000,11682000000,-850000000,10935000000.0,416000000,-0.0258,-0.0683,2020-03,5.589206339820983
SIRI,1874000000,0.06,1770000000.0,12465000000,13133000000,-607000000,12465000000.0,591000000,0.1015,-0.0535,2020-06,5.740158716837565
SIRI,2025000000,0.06,33000000.0,10702000000,11613000000,-891000000,10702000000.0,443000000,-0.0348,-0.0851,2020-09,6.136190467410618
SIRI,2189000000,-0.16,71000000.0,10333000000,12618000000,-2285000000,10333000000.0,568000000,-0.0731,-0.2211,2020-12,6.099838679836642
SIRI,2058000000,0.05,59000000.0,9988000000,12591000000,-2614000000,9988000000.0,292000000,-0.0866,-0.2606,2021-03,6.2638095371306886
SIRI,2159000000,0.11,1124000000.0,11201000000,13716000000,-2539000000,11201000000.0,636000000,-0.1014,-0.2245,2021-06,6.288571425846645
SIRI,2198000000,0.08,164000000.0,10094000000,12649000000,-2563000000,10094000000.0,443000000,-0.0568,-0.2531,2021-09,6.253333349076528
SIRI,2281000000,0.08,191000000.0,10274000000,12899000000,-2636000000,10274000000.0,627000000,-0.0057,-0.2554,2021-12,6.293809519873725
SIRI,2186000000,0.08,76000000.0,10163000000,13750000000,-3612000000,10163000000.0,355000000,0.0175,-0.3529,2022-03,6.218064531203239
SIRI,2253000000,0.07,126000000.0,10270000000,13849000000,-3586000000,10270000000.0,533000000,-0.0831,-0.3484,2022-06,6.294126987457275
SIRI,2280000000,0.06,39000000.0,10059000000,13675000000,-3609000000,10059000000.0,412000000,-0.0034,-0.3594,2022-09,6.148571407984173
SIRI,2283000000,0.09,57000000.0,10022000000,13373000000,-3351000000,10022000000.0,676000000,-0.0245,-0.3343,2022-12,4.7890322554496025
SIRI,2144000000,0.06,53000000.0,10023000000,13282000000,-3254000000,10023000000.0,350000000,-0.0137,-0.3251,2023-03,3.767903224114449
SIRI,2250000000,0.08,51000000.0,10078000000,13189000000,-3115000000,10078000000.0,451000000,-0.0186,-0.3086,2023-06,4.648412715821039
SIRI,2271000000,0.09,53000000.0,10129000000,13022000000,-2894000000,10129000000.0,478000000,0.0069,-0.2856,2023-09,4.804285692790198
SWX,499501000,1.32,35951000.0,2275345000,1612633000,92826000,2275345000.0,208322000,-0.0032,0.2912,2002-03,23.977500021457672
SWX,261123000,-0.63,5719000.0,2214903000,1574783000,65433000,2214903000.0,38848000,0.0057,0.289,2002-06,22.16412695627364
SWX,223863000,-0.49,9237000.0,2260609000,1638822000,42480000,2260609000.0,3105000,0.0131,0.275,2002-09,22.22015877375527
SWX,336422000,1.14,19392000.0,2432928000,1776761000,73460000,2432928000.0,48199000,0.0267,0.2697,2002-12,21.21370967741936
SWX,403285000,0.76,18871000.0,2365338000,1686097000,92087000,2365338000.0,124660000,0.0395,0.2871,2003-03,20.95603170849028
SWX,255852000,-0.12,10557000.0,2328838000,1655847000,81039000,2328838000.0,28511000,0.0514,0.2889,2003-06,21.8001587277367
SWX,220162000,-0.51,6788000.0,2361485000,1766060000,56657000,2361485000.0,14251000,0.0446,0.2521,2003-09,22.73079360477508
SWX,351705000,1.02,17183000.0,2608106000,1977639000,84084000,2608106000.0,40354000,0.072,0.2417,2003-12,23.284032298672585
SWX,473400000,1.19,12498000.0,2627769000,1957929000,118007000,2627769000.0,77699000,0.1109,0.2549,2004-03,22.93403225560342
SWX,278697000,-0.24,10800000.0,2629980000,1962849000,102401000,2629980000.0,28345000,0.1293,0.2536,2004-06,23.52301588512602
SWX,264467000,-0.46,10179000.0,2678071000,2016409000,78646000,2678071000.0,10330000,0.134,0.247,2004-09,24.842063479953342
SWX,460496000,1.14,13641000.0,2938116000,2232440000,111498000,2938116000.0,35117000,0.1265,0.2401,2004-12,24.924193597609
SWX,542880000,0.88,16714000.0,2857458000,2115223000,136610000,2857458000.0,136123000,0.0874,0.2597,2005-03,25.02421882748604
SWX,361130000,-0.07,8719000.0,2848760000,2093143000,125879000,2848760000.0,53922000,0.0831,0.2652,2005-06,26.64158733307369
SWX,313278000,-0.43,16932000.0,2921553000,2170144000,101412000,2921553000.0,18943000,0.0909,0.2571,2005-09,26.55603169638013
SWX,496995000,0.79,29603000.0,3228426000,2477291000,123574000,3228426000.0,28636000,0.0988,0.2326,2005-12,27.565806604200795
SWX,676941000,1.12,13867000.0,3182218000,2383617000,159567000,3182218000.0,57450000,0.1136,0.2509,2006-03,28.494444468664742
SWX,430902000,0.09,8570000.0,3082233000,2262491000,154861000,3082233000.0,112334000,0.0819,0.2659,2006-06,32.92111115228562
SWX,351800000,-0.26,31587000.0,3140191000,2316878000,135598000,3140191000.0,60834000,0.0748,0.2621,2006-09,36.57873044695173
SWX,565115000,1.15,18786000.0,3484965000,2583540000,173433000,3484965000.0,50736000,0.0794,0.2586,2006-12,38.34213106749488
SWX,793716000,1.19,54009000.0,3479501000,2527501000,214098000,3479501000.0,186396000,0.0934,0.2736,2007-03,37.62571431720068
SWX,426537000,-0.01,20744000.0,3383058000,2428944000,204626000,3383058000.0,49442000,0.0975,0.282,2007-06,30.207301427447607
SWX,371524000,-0.22,18830000.0,3408703000,2467099000,186142000,3408703000.0,45211000,0.0855,0.2762,2007-09,29.04396829150972
SWX,560311000,1.02,31991000.0,3670188000,2686515000,219768000,3670188000.0,66762000,0.0531,0.268,2007-12,27.954590218966125
SWX,813607000,1.14,17409000.0,3585616000,2552862000,259157000,3585616000.0,152142000,0.0304,0.288,2008-03,29.89046868681908
SWX,447304000,-0.06,16511000.0,3492230000,2462281000,246617000,3492230000.0,48191000,0.0322,0.2949,2008-06,29.496190540374272
SWX,374422000,-0.38,13165000.0,3509876000,2498925000,220072000,3509876000.0,49885000,0.0296,0.288,2008-09,25.13587306794666
SWX,509410000,0.71,26399000.0,3820384000,2782543000,240982000,3820384000.0,49530000,0.0409,0.2716,2008-12,22.620967680408107
SWX,689862000,1.13,23782000.0,3723935000,2636200000,280198000,3723935000.0,148537000,0.0385,0.292,2009-03,20.851904702565022
SWX,387648000,-0.01,26775000.0,3681411000,2601068000,268948000,3681411000.0,100891000,0.0541,0.2934,2009-06,24.31063491579086
SWX,317509000,-0.18,32828000.0,3713268000,1421700000,249754000,3713268000.0,69607000,0.0579,0.6171,2009-09,26.755079360235307
SWX,498805000,1.03,65315000.0,3906292000,2804206000,285316000,3906292000.0,86767000,0.0224,0.2821,2009-12,28.78080647991549
SWX,668751000,1.43,39005000.0,3840990000,2679388000,338470000,3840990000.0,162620000,0.0314,0.3024,2010-03,30.7746031927684
SWX,385825000,-0.02,32310000.0,3747912000,2607816000,326028000,3747912000.0,95972000,0.018,0.3041,2010-06,31.96063486735026
SWX,307683000,-0.11,19854000.0,3772481000,2653820000,309699000,3772481000.0,57234000,0.0159,0.2965,2010-09,35.285079471648686
SWX,468112000,0.99,116096000.0,3984193000,2817197000,343131000,3984193000.0,55167000,0.0199,0.2929,2010-12,37.928412603953525
SWX,628440000,1.5,108375000.0,3941934000,2711016000,399339000,3941934000.0,130791000,0.0262,0.3122,2011-03,38.44222229246109
SWX,388505000,0.09,85964000.0,3925044000,2702601000,391079000,3925044000.0,57495000,0.0472,0.3114,2011-06,36.67825414264013
SWX,352592000,-0.34,19836000.0,3939237000,2751791000,363125000,3939237000.0,56047000,0.0442,0.3014,2011-09,39.22333302573552
SWX,517651000,1.21,21937000.0,4276007000,3050976000,406125000,4276007000.0,7709000,0.0732,0.2864,2011-12,42.3499999507781
SWX,657645000,1.71,218060000.0,4437097000,3142545000,471265000,4437097000.0,166373000,0.1256,0.2917,2012-03,42.50428578210256
SWX,409768000,-0.08,32565000.0,4232751000,2952069000,453824000,4232751000.0,95082000,0.0783,0.3025,2012-06,44.09206329830109
SWX,371799000,-0.09,22079000.0,4271249000,3006391000,435746000,4271249000.0,68861000,0.0842,0.2961,2012-09,42.52721317478868
SWX,488566000,1.35,25530000.0,4488057000,3179559000,484369000,4488057000.0,56008000,0.0495,0.2915,2012-12,45.09491811033155
SWX,613505000,1.75,33081000.0,4404514000,3025670000,549656000,4404514000.0,133601000,-0.0073,0.313,2013-03,48.71578121185303
SWX,411574000,0.22,17720000.0,4382054000,3005888000,544300000,4382054000.0,81620000,0.0352,0.314,2013-06,48.48190471104213
SWX,387346000,-0.06,13853000.0,4465055000,3104391000,525971000,4465055000.0,53317000,0.0453,0.3047,2013-09,52.84015861390129
SWX,538357000,1.24,41077000.0,4565174000,3152779000,567714000,4565174000.0,77671000,0.0171,0.3093,2013-12,53.72096793882309
SWX,608396000,1.52,85366000.0,4600807000,3130797000,621304000,4600807000.0,141995000,0.0445,0.3195,2014-03,53.033650837247336
SWX,453153000,0.21,26890000.0,4562289000,3097397000,613760000,4562289000.0,55452000,0.0411,0.321,2014-06,51.10730168176076
SWX,432475000,0.04,39165000.0,4641661000,3189699000,598552000,4641661000.0,64457000,0.0395,0.3128,2014-09,56.655079251243954
SWX,627683000,1.26,39566000.0,5208297000,3701989000,639164000,5208297000.0,84519000,0.1408,0.2892,2014-12,59.10451575248472
SWX,734220000,1.54,38013000.0,5154397000,3583566000,692603000,5154397000.0,222240000,0.1203,0.3047,2015-03,54.98095224774073
SWX,538604000,0.11,48909000.0,5146862000,3577928000,678288000,5146862000.0,111996000,0.1281,0.3048,2015-06,55.21507947407071
SWX,505396000,-0.1,32959000.0,5183666000,3622031000,654492000,5183666000.0,78162000,0.1167,0.3012,2015-09,57.08174617706784
SWX,685405000,1.4,35997000.0,5358685000,3750252000,699221000,5358685000.0,139662000,0.0288,0.3001,2015-12,60.068524720238855
SWX,731248000,1.59,60809000.0,5316008000,3649865000,753105000,5316008000.0,314551000,0.0313,0.3134,2016-03,68.88906288146973
SWX,547748000,0.19,12126000.0,5366840000,3709528000,741148000,5366840000.0,102627000,0.0427,0.3088,2016-06,73.8028569297185
SWX,539969000,0.05,85154000.0,5532796000,3892501000,720401000,5532796000.0,60744000,0.0673,0.2964,2016-09,72.18015846373542
SWX,641525000,1.37,28066000.0,5581126000,3897263000,759263000,5581126000.0,122586000,0.0415,0.3017,2016-12,81.5598390640751
SWX,654737000,1.46,43401000.0,5551913000,3815269000,803522000,5551913000.0,161843000,0.0443,0.3128,2017-03,80.13095201764789
SWX,560469000,0.38,29702000.0,5665239000,3930834000,801222000,5665239000.0,36349000,0.0556,0.3061,2017-06,79.13761865525018
SWX,593153000,0.21,59152000.0,5855070000,4141674000,784934000,5855070000.0,101052000,0.0582,0.2926,2017-09,81.17873007153707
SWX,740433000,2.0,43622000.0,6237066000,4424663000,857398000,6237066000.0,70711000,0.1175,0.2905,2017-12,71.04819663626249
SWX,754330000,1.63,65115000.0,6327633000,4451257000,920454000,6327633000.0,180567000,0.1397,0.2965,2018-03,73.00343751907349
SWX,670883000,0.44,34730000.0,6476393000,4543826000,916275000,6476393000.0,247022000,0.1431,0.2984,2018-06,79.02301582457527
SWX,668146000,0.25,69170000.0,6654596000,4708815000,902730000,6654596000.0,-11392000,0.1365,0.2923,2018-09,80.33951593214466
SWX,786654000,1.36,85361000.0,7357729000,5024308000,944285000,7357729000.0,121463000,0.1796,0.3171,2018-12,79.90161305089151
SWX,833539000,1.78,97037000.0,7569432000,5140478000,1009809000,7569432000.0,188111000,0.1962,0.3208,2019-03,84.94555579291449
SWX,713011000,0.41,38446000.0,7666885000,5164340000,1002070000,7666885000.0,278416000,0.1838,0.3264,2019-06,89.85619063604446
SWX,725230000,0.1,28480000.0,7840211000,5332147000,977498000,7840211000.0,100070000,0.1781,0.3198,2019-09,81.40444461883061
SWX,848137000,1.67,49539000.0,8170048000,5579592000,1039072000,8170048000.0,121886000,0.1104,0.317,2019-12,71.98048382420694
SWX,836320000,1.31,60965000.0,8093225000,5460325000,1079801000,8093225000.0,271566000,0.0691,0.3253,2020-03,72.7522223336356
SWX,757247000,0.68,199591000.0,8426035000,5727819000,1085742000,8426035000.0,103574000,0.099,0.3202,2020-06,66.9020633394756
SWX,791226000,0.32,23945000.0,8429657000,5703135000,1054118000,8429657000.0,112678000,0.0751,0.3234,2020-09,65.96571410648407
SWX,914080000,1.84,83352000.0,8735853000,5895184000,1067978000,8735853000.0,138262000,0.0692,0.3251,2020-12,63.32338708446872
SWX,885907000,2.04,92345000.0,8928645000,5949637000,1112377000,8928645000.0,-52457000,0.1032,0.3336,2021-03,68.27666642930772
SWX,821421000,0.43,47565000.0,9039022000,5991612000,1108279000,9039022000.0,53814000,0.0727,0.3371,2021-06,69.82523769802518
SWX,888696000,-0.19,186690000.0,10369635000,7276272000,1079869000,10369635000.0,50164000,0.2301,0.2983,2021-09,68.8898407466828
SWX,1084427000,1.15,222697000.0,12765257000,9614720000,1114313000,12765257000.0,59862000,0.4612,0.2468,2021-12,70.06095268612816
SWX,1267409000,1.58,624666000.0,13249487000,9624421000,1190738000,13249487000.0,186620000,0.4839,0.2736,2022-03,88.10919324813351
SWX,1146120000,-0.1,215963000.0,12923008000,9341500000,1156253000,12923008000.0,76998000,0.4296,0.2771,2022-06,81.29349239288814
SWX,1125588000,-0.18,175272000.0,13102577000,9574970000,1111203000,13102577000.0,39737000,0.2635,0.2692,2022-09,68.00682515946646
SWX,1420892000,-4.18,123078000.0,13196614000,9978506000,747069000,13196614000.0,104105000,0.0337,0.2438,2022-12,63.7329032036566
SWX,1603304000,0.67,82085000.0,11810173000,8386991000,742513000,11810173000.0,-185742000,-0.1086,0.2898,2023-03,59.11790324795631
SWX,1293645000,0.4,221367000.0,11950922000,8529916000,696958000,11950922000.0,197928000,-0.0752,0.2862,2023-06,63.793015919034445
SWX,1169492000,0.05,104939000.0,11836282000,8452380000,669364000,11836282000.0,186248000,-0.0966,0.2858,2023-09,60.10761902824281
